JournalCode	JournalLib	EcritureNum	EcritureDate	CompteNum	CompteLib	CompAuxNum	CompAuxLib	PieceRef	PieceDate	EcritureLib	Debit	Credit	EcritureLet	DateLet	ValidDate	Montantdevise	Idevise
AD	A Nouveaux Détaillés	1	20111231	401000	Fournisseurs	FAVANG	Avangarde auto	TAXISFAR	20111231	AVANGARDE AUTO	0,00	174,01	A	20121231	20170130		
AD	A Nouveaux Détaillés	1	20120101	445620	Tva sur immobilisations			TAXISFAR	20120101	Tva s/immobilisation	670,73	0,00	A	20141231	20170130		
AD	A Nouveaux Détaillés	1	20120103	445717	Tva collectée tva 7%			TAXISFAR	20120103	REMISE CHQ	0,00	191,99			20170130		
AD	A Nouveaux Détaillés	1	20120131	445716	Tva collectée19.60%			TAXISFAR	20120131	TVA COLLECT19.60%	0,00	0,88	B	20141231	20170130		
AD	A Nouveaux Détaillés	1	20120229	445716	Tva collectée19.60%			TAXISFAR	20120229	TVA COLLECT19.60%	0,00	1,77	B	20141231	20170130		
AD	A Nouveaux Détaillés	1	20120331	445716	Tva collectée19.60%			TAXISFAR	20120331	TVA COLLECT19.60%	0,00	1,77	B	20141231	20170130		
AD	A Nouveaux Détaillés	1	20120430	445716	Tva collectée19.60%			TAXISFAR	20120430	TVA COLLECT19.60%	0,00	3,69	B	20141231	20170130		
AD	A Nouveaux Détaillés	1	20120531	445716	Tva collectée19.60%			TAXISFAR	20120531	TVA COLLECT19.60%	0,00	1,77	B	20141231	20170130		
AD	A Nouveaux Détaillés	1	20120630	445716	Tva collectée19.60%			TAXISFAR	20120630	TVA COLLECT19.60%	0,00	2,13	B	20141231	20170130		
AD	A Nouveaux Détaillés	1	20120731	445620	Tva sur immobilisations			TAXISFAR	20120731	TVA B/S ET SERVICE TAUX NORM	147,39	0,00	A	20141231	20170130		
AD	A Nouveaux Détaillés	1	20120731	445620	Tva sur immobilisations			TAXISFAR	20120731	TVA B/S ET SERVICE TAUX NORM	18,19	0,00	A	20141231	20170130		
AD	A Nouveaux Détaillés	1	20120731	445716	Tva collectée19.60%			TAXISFAR	20120731	TVA COLLECT19.60%	0,00	6,01	B	20141231	20170130		
AD	A Nouveaux Détaillés	1	20120831	445620	Tva sur immobilisations			TAXISFAR	20120831	TVA SUR IMMOB	4342,81	0,00	A	20141231	20170130		
AD	A Nouveaux Détaillés	1	20120831	445716	Tva collectée19.60%			TAXISFAR	20120831	TVA COLLECT19.60%	0,00	3,68	B	20141231	20170130		
AD	A Nouveaux Détaillés	1	20120930	445620	Tva sur immobilisations			TAXISFAR	20120930	TVA 09/2012	0,00	4313,00	A	20141231	20170130		
AD	A Nouveaux Détaillés	1	20120930	445620	Tva sur immobilisations			TAXISFAR	20120930	TVA B/S ET SERVICE TAUX NORM	176,43	0,00	A	20141231	20170130		
AD	A Nouveaux Détaillés	1	20120930	445716	Tva collectée19.60%			TAXISFAR	20120930	TVA COLLECT19.60%	0,00	4,80	B	20141231	20170130		
AD	A Nouveaux Détaillés	1	20121031	445620	Tva sur immobilisations			TAXISFAR	20121031	TVA SUR IMMOB TURBO JAGUAR	104,96	0,00	A	20141231	20170130		
AD	A Nouveaux Détaillés	1	20121031	445620	Tva sur immobilisations			TAXISFAR	20121031	TVA SUR IMMOB	439,88	0,00	A	20141231	20170130		
AD	A Nouveaux Détaillés	1	20121031	445670	Crédit de tva a reporter			TAXISFAR	20121031	TVA 10/12	112,00	0,00	D	20141031	20170130		
AD	A Nouveaux Détaillés	1	20121130	445620	Tva sur immobilisations			TAXISFAR	20121130	TVA SUR IMMOB	607,34	0,00	A	20141231	20170130		
AD	A Nouveaux Détaillés	1	20121130	445620	Tva sur immobilisations			TAXISFAR	20121130	TVA B/S ET SERVICE TAUX NORM	117,48	0,00	A	20141231	20170130		
AD	A Nouveaux Détaillés	1	20121231	445716	Tva collectée19.60%			TAXISFAR	20121231	TVA COLLECT19.60%	0,00	2,20	B	20141231	20170130		
AD	A Nouveaux Détaillés	1	20121231	445716	Tva collectée19.60%			TAXISFAR	20121231	sfar recette	0,00	31,46	B	20141231	20170130		
AD	A Nouveaux Détaillés	1	20121231	401000	Fournisseurs	FAVANG	Avangarde auto	TAXISFAR	20121231	Avangarde auto réglé perso	174,01	0,00	A	20121231	20170130		
AD	A Nouveaux Détaillés	1	20130101	445660	Tva sur biens & services			TAXISFAR	20130101	Tva s/autres biens & services	0,00	2283,88	A	20141231	20170130		
AD	A Nouveaux Détaillés	1	20130102	108000	Compte de l'exploitant			TAXISFAR	20130102	VIR PERSO	600,00	0,00	A	20140101	20170130		
AD	A Nouveaux Détaillés	1	20130118	108000	Compte de l'exploitant			TAXISFAR	20130118	RBT ASS 4TR12 PERSO	684,00	0,00	A	20140101	20170130		
AD	A Nouveaux Détaillés	1	20130201	108000	Compte de l'exploitant			TAXISFAR	20130201	VIR PERSO	600,00	0,00	A	20140101	20170130		
AD	A Nouveaux Détaillés	1	20130201	445620	Tva sur immobilisations			TAXISFAR	20130201	LOGICIEL EBP 2013	24,55	0,00	A	20141231	20170130		
AD	A Nouveaux Détaillés	1	20130214	108000	Compte de l'exploitant			TAXISFAR	20130214	MEHARI TUBES DE FREIN PERSO	718,33	0,00	A	20140101	20170130		
AD	A Nouveaux Détaillés	1	20130228	445716	Tva collectée19.60%			TAXISFAR	20130228	PEAGES 02.2013	0,00	2,45	B	20141231	20170130		
AD	A Nouveaux Détaillés	1	20130301	108000	Compte de l'exploitant			TAXISFAR	20130301	VIR PERSO	600,00	0,00	A	20140101	20170130		
AD	A Nouveaux Détaillés	1	20130331	445716	Tva collectée19.60%			TAXISFAR	20130331	PEAGES 03.2013	0,00	2,45	B	20141231	20170130		
AD	A Nouveaux Détaillés	1	20130402	108000	Compte de l'exploitant			TAXISFAR	20130402	PREL PERSO	600,00	0,00	A	20140101	20170130		
AD	A Nouveaux Détaillés	1	20130404	401000	Fournisseurs	FTAXIS	TAXI SFAR-R	TAXISFAR	20130404	TAXI SFAR-R TRANSPORT 04/04/13	0,00	236,60			20170130		
AD	A Nouveaux Détaillés	1	20130430	445716	Tva collectée19.60%			TAXISFAR	20130430	PEAGES 04.2013	0,00	4,52	B	20141231	20170130		
AD	A Nouveaux Détaillés	1	20130502	108000	Compte de l'exploitant			TAXISFAR	20130502	PREL PERSO	600,00	0,00	A	20140101	20170130		
AD	A Nouveaux Détaillés	1	20130515	108000	Compte de l'exploitant			TAXISFAR	20130515	MINI PELLE ACHAT PERSO	1649,00	0,00	A	20140101	20170130		
AD	A Nouveaux Détaillés	1	20130525	108000	Compte de l'exploitant			TAXISFAR	20130525	EQUIP AUTO PEINTURE VEH PERSO	58,53	0,00	A	20140101	20170130		
AD	A Nouveaux Détaillés	1	20130531	445716	Tva collectée19.60%			TAXISFAR	20130531	PEAGES 05.2013	0,00	0,29	B	20141231	20170130		
AD	A Nouveaux Détaillés	1	20130531	401000	Fournisseurs	FFITEC	FITECO	TAXISFAR	20130531	FITECO 2E ACPTE 2012	0,00	1255,80	A	20140507	20170130		
AD	A Nouveaux Détaillés	1	20130610	108000	Compte de l'exploitant			TAXISFAR	20130610	IMPUTATION FRAIS HOPITAL PERSO	20,63	0,00	A	20140101	20170130		
AD	A Nouveaux Détaillés	1	20130611	108000	Compte de l'exploitant			TAXISFAR	20130611	SP95	42,03	0,00	A	20140101	20170130		
AD	A Nouveaux Détaillés	1	20130630	445716	Tva collectée19.60%			TAXISFAR	20130630	PEAGES 06.2013	0,00	0,79	B	20141231	20170130		
AD	A Nouveaux Détaillés	1	20130630	445717	Tva collectée tva 7%			TAXISFAR	20130630	CLIENTS 06.2013 A REGUL 7%	0,00	22,84			20170130		
AD	A Nouveaux Détaillés	1	20130630	401000	Fournisseurs	FFITEC	FITECO	TAXISFAR	20130630	FITECO 3E ACPTE 2012	0,00	1255,80	A	20140507	20170130		
AD	A Nouveaux Détaillés	1	20130702	108000	Compte de l'exploitant			TAXISFAR	20130702	BRICO PERSO	38,45	0,00	A	20140101	20170130		
AD	A Nouveaux Détaillés	1	20130708	401000	Fournisseurs	FFITEC	FITECO	TAXISFAR	20130708	FITECO FORMATION EBP	0,00	388,70			20170130		
AD	A Nouveaux Détaillés	1	20130819	108900	Apport personnel			TAXISFAR	20130819	IMPERATOR INDUSTRIE PERSO	0,00	767,11	A	20140101	20170130		
AD	A Nouveaux Détaillés	1	20130831	445716	Tva collectée19.60%			TAXISFAR	20130831	PEAGES 08.2013	0,00	6,50	B	20141231	20170130		
AD	A Nouveaux Détaillés	1	20130904	108000	Compte de l'exploitant			TAXISFAR	20130904	VIRT PERSO	600,00	0,00	A	20140101	20170130		
AD	A Nouveaux Détaillés	1	20130920	108000	Compte de l'exploitant			TAXISFAR	20130920	COLIS SERVICES  FORD TRANSIT	500,00	0,00	A	20140101	20170130		
AD	A Nouveaux Détaillés	1	20130923	108000	Compte de l'exploitant			TAXISFAR	20130923	CB EQUIP AUTO PERSO	64,34	0,00	A	20140101	20170130		
AD	A Nouveaux Détaillés	1	20130926	108000	Compte de l'exploitant			TAXISFAR	20130926	EUROMASTER CB PERSO	444,31	0,00	A	20140101	20170130		
AD	A Nouveaux Détaillés	1	20130930	411000	Clients			TAXISFAR	20130930	TRON 7%	28,25	0,00	AY	20140831	20170130		
AD	A Nouveaux Détaillés	1	20130930	445716	Tva collectée19.60%			TAXISFAR	20130930	PEAGES 09.2013	0,00	4,29	B	20141231	20170130		
AD	A Nouveaux Détaillés	1	20131004	108000	Compte de l'exploitant			TAXISFAR	20131004	VIR PERSO	600,00	0,00	A	20140101	20170130		
AD	A Nouveaux Détaillés	1	20131010	401000	Fournisseurs	FPAG	Pages jaunes	TAXISFAR	20131010	PAGES JAUNES 2013-2014	0,00	162,95	A	20140214	20170130		
AD	A Nouveaux Détaillés	1	20131010	401000	Fournisseurs	FPAG	Pages jaunes	TAXISFAR	20131010	PAGES JAUNES 2013-2014	0,00	162,97	A	20140214	20170130		
AD	A Nouveaux Détaillés	1	20131031	411000	Clients			TAXISFAR	20131031	JANSSEN 7%	248,25	0,00	A	20140211	20170130		
AD	A Nouveaux Détaillés	1	20131031	445716	Tva collectée19.60%			TAXISFAR	20131031	PEAGES 10.2013	0,00	1,24	B	20141231	20170130		
AD	A Nouveaux Détaillés	1	20131105	108000	Compte de l'exploitant			TAXISFAR	20131105	VIR PERSO	600,00	0,00	A	20140101	20170130		
AD	A Nouveaux Détaillés	1	20131107	401000	Fournisseurs	FMIR	Carroserie mir	TAXISFAR	20131107	CARROSSERIE MIR SINISTRE 09/09	0,00	187,77	A	20140116	20170130		
AD	A Nouveaux Détaillés	1	20131116	445660	Tva sur biens & services			TAXISFAR	20131116	AD REP S/ MERCEDES VITO	42,36	0,00	A	20141231	20170130		
AD	A Nouveaux Détaillés	1	20131120	108000	Compte de l'exploitant			TAXISFAR	20131120	CONTRAVENTION ALLO CHRIS TAXI	45,00	0,00	A	20140101	20170130		
AD	A Nouveaux Détaillés	1	20131122	445660	Tva sur biens & services			TAXISFAR	20131122	EQUIP AUTO PIECES VITO	7,21	0,00	A	20141231	20170130		
AD	A Nouveaux Détaillés	1	20131127	401000	Fournisseurs	FCOFIR	Cofiroute	TAXISFAR	20131127	RBT BADGE COFIROUTE 	30,00	0,00	A	20140321	20170130		
AD	A Nouveaux Détaillés	1	20131130	411000	Clients			TAXISFAR	20131130	DORE 7%	31,56	0,00	AT	20140703	20170130		
AD	A Nouveaux Détaillés	1	20131130	445716	Tva collectée19.60%			TAXISFAR	20131130	PEAGES 11.2013	0,00	0,46	B	20141231	20170130		
AD	A Nouveaux Détaillés	1	20131202	108000	Compte de l'exploitant			TAXISFAR	20131202	VIR PERSO	600,00	0,00	A	20140101	20170130		
AD	A Nouveaux Détaillés	1	20131205	108000	Compte de l'exploitant			TAXISFAR	20131205	CHQ N°0275 PERSO	323,00	0,00	A	20140101	20170130		
AD	A Nouveaux Détaillés	1	20131224	108000	Compte de l'exploitant			TAXISFAR	20131224	CHQ N°0280 PERSO	600,00	0,00	A	20140101	20170130		
AD	A Nouveaux Détaillés	1	20131231	108000	Compte de l'exploitant			TAXISFAR	20131231	BVP 02+03/2013 PAYE PERSO	0,00	74,58	A	20140101	20170130		
AD	A Nouveaux Détaillés	1	20131231	108000	Compte de l'exploitant			TAXISFAR	20131231	VTE A PARTICULIER TTC ESPACE	500,00	0,00	A	20140101	20170130		
AD	A Nouveaux Détaillés	1	20131231	108000	Compte de l'exploitant			TAXISFAR	20131231	REPRISE 5% CHARGES PERSO	976,44	0,00	A	20140101	20170130		
AD	A Nouveaux Détaillés	1	20131231	108000	Compte de l'exploitant			TAXISFAR	20131231	COT'TNS CSG NON DED	73,00	0,00	A	20140101	20170130		
AD	A Nouveaux Détaillés	1	20131231	108900	Apport personnel			TAXISFAR	20131231	RGLT LIQUIDE TAXI FERNANDES	0,00	24,00	A	20140101	20170130		
AD	A Nouveaux Détaillés	1	20131231	108900	Apport personnel			TAXISFAR	20131231	EQUIP AUTO PAYE PERSO	0,00	65,37	A	20140101	20170130		
AD	A Nouveaux Détaillés	1	20131231	108900	Apport personnel			TAXISFAR	20131231	FORMULE AUTO PAYE PERSO	0,00	3706,00	A	20140101	20170130		
AD	A Nouveaux Détaillés	1	20131231	108900	Apport personnel			TAXISFAR	20131231	HYDROSTAR PAYE PERSO	0,00	50,00	A	20140101	20170130		
AD	A Nouveaux Détaillés	1	20131231	108900	Apport personnel			TAXISFAR	20131231	LEROY MERLIN PAYE PERSO	0,00	159,00	A	20140101	20170130		
AD	A Nouveaux Détaillés	1	20131231	108900	Apport personnel			TAXISFAR	20131231	SLIDE PAYE PERSO	0,00	96,40	A	20140101	20170130		
AD	A Nouveaux Détaillés	1	20131231	108900	Apport personnel			TAXISFAR	20131231	ASS VEH 1TR13 2/2 PAYE PERSO	0,00	245,00	A	20140101	20170130		
AD	A Nouveaux Détaillés	1	20131231	108900	Apport personnel			TAXISFAR	20131231	GO PAYE PERSO 4/08/13	0,00	57,82	A	20140101	20170130		
AD	A Nouveaux Détaillés	1	20131231	108900	Apport personnel			TAXISFAR	20131231	TVA PAYE PERSO	0,00	7,00	A	20140101	20170130		
AD	A Nouveaux Détaillés	1	20131231	108900	Apport personnel			TAXISFAR	20131231	IMPERATOR INDUSTRIE PERSO	0,00	529,83	A	20140101	20170130		
AD	A Nouveaux Détaillés	1	20131231	168840	Interets courus s/emprunts			TAXISFAR	20131231	INT COURUS EMP 164500	0,00	12,67	A	20140101	20170130		
AD	A Nouveaux Détaillés	1	20131231	168840	Interets courus s/emprunts			TAXISFAR	20131231	INT COURUS EMP 164502	0,00	15,98	A	20140101	20170130		
AD	A Nouveaux Détaillés	1	20131231	168840	Interets courus s/emprunts			TAXISFAR	20131231	INT COURUS EMP 164503	0,00	6,00	A	20140101	20170130		
AD	A Nouveaux Détaillés	1	20131231	411000	Clients			TAXISFAR	20131231	JACK 5.5%	72,60	0,00	J	20140121	20170130		
AD	A Nouveaux Détaillés	1	20131231	411000	Clients			TAXISFAR	20131231	BARANT 7%	142,46	0,00	AR	20140531	20170130		
AD	A Nouveaux Détaillés	1	20131231	411000	Clients			TAXISFAR	20131231	BARANT 7%	142,46	0,00	AR	20140531	20170130		
AD	A Nouveaux Détaillés	1	20131231	411000	Clients			TAXISFAR	20131231	GAUVIN 7%	711,20	0,00	AR	20140531	20170130		
AD	A Nouveaux Détaillés	1	20131231	445670	Crédit de tva a reporter			TAXISFAR	20131231	TVA 12/13	121,00	0,00	A	20140831	20170130		
AD	A Nouveaux Détaillés	1	20131231	445716	Tva collectée19.60%			TAXISFAR	20131231	REPRISE 5% CHARGES PERSO	0,00	144,19	B	20141231	20170130		
AD	A Nouveaux Détaillés	1	20131231	445717	Tva collectée tva 7%			TAXISFAR	20131231	RGLMT CLIENTS 7% 2013 A REGUL	0,00	203,82			20170130		
AD	A Nouveaux Détaillés	1	20140101	101000	Capital individuel			TAXISFAR	20140101	Capital individuel	0,00	30900,11			20141231		
AD	A Nouveaux Détaillés	1	20140101	164500	Emprunt 8234663			TAXISFAR	20140101	Pret n 8234663	0,00	17208,32			20141231		
AD	A Nouveaux Détaillés	1	20140101	164502	Emprunt 8249866			TAXISFAR	20140101	Pret ce 8249866	0,00	38983,39			20141231		
AD	A Nouveaux Détaillés	1	20140101	164503	Emprunt 8257883			TAXISFAR	20140101	Pret ce 8257883	0,00	6341,53			20141231		
AD	A Nouveaux Détaillés	1	20140101	207000	Fonds commercial			TAXISFAR	20140101	Fonds commercial	45735,00	0,00			20141231		
AD	A Nouveaux Détaillés	1	20140101	215000	Instal techniques mat et outi			TAXISFAR	20140101	Instal techniques mat et outi	1254,17	0,00			20141231		
AD	A Nouveaux Détaillés	1	20140101	218200	Materiel de transport			TAXISFAR	20140101	Materiel de transport	48425,94	0,00			20141231		
AD	A Nouveaux Détaillés	1	20140101	218300	Materiel informatique			TAXISFAR	20140101	Materiel informatique	1319,75	0,00			20141231		
AD	A Nouveaux Détaillés	1	20140101	261000	Titres de participation.			TAXISFAR	20140101	Titres de participation.	56,00	0,00			20141231		
AD	A Nouveaux Détaillés	1	20140101	275000	Depots et cautionnement			TAXISFAR	20140101	Depots et cautionnement	30,00	0,00			20141231		
AD	A Nouveaux Détaillés	1	20140101	281500	Amort inst techn materiel outi			TAXISFAR	20140101	Amort inst techn materiel outi	0,00	1031,83			20141231		
AD	A Nouveaux Détaillés	1	20140101	281820	Amort materiel de transport			TAXISFAR	20140101	Amort.materiel de transport	0,00	29407,30			20141231		
AD	A Nouveaux Détaillés	1	20140101	281830	Amort materiel informatique			TAXISFAR	20140101	Amort mat informatque	0,00	1304,14			20141231		
AD	A Nouveaux Détaillés	1	20140101	408100	Fournisseurs fnp			TAXISFAR	20140101	Fourn.fact.non parvenues	0,00	2693,16	A	20140101	20141231		
AD	A Nouveaux Détaillés	1	20140101	409100	Fournisseurs acomptes 			TAXISFAR	20140101	Acompte fournisseurs	510,00	0,00	A	20140618	20141231		
AD	A Nouveaux Détaillés	1	20140101	409800	Fournisseurs avoirs à recevoir			TAXISFAR	20140101	Fournisseurs avoirs à recevoir	390,00	0,00	A	20140101	20141231		
AD	A Nouveaux Détaillés	1	20140101	421000	Personnel rémunerations dues			TAXISFAR	20140101	Personnel remunerations dues	0,00	87,59			20141231		
AD	A Nouveaux Détaillés	1	20140101	445860	Tva sur factures non parvenues			TAXISFAR	20140101	Tva fact.non parvenues	446,60	0,00	A	20140101	20141231		
AD	A Nouveaux Détaillés	1	20140101	445870	Tva sur avoirs à recevoir			TAXISFAR	20140101	Tva sur avoirs à recevoir	0,00	65,00	A	20140101	20141231		
AD	A Nouveaux Détaillés	1	20140101	445880	Tva a régulariser			TAXISFAR	20140101	Tva a regulariser	1885,81	0,00			20141231		
AD	A Nouveaux Détaillés	1	20140101	462000	Créances sur cession immo			TAXISFAR	20140101	Créances sur cession immo	12000,00	0,00			20141231		
AD	A Nouveaux Détaillés	1	20140101	486100	Charges constatées d'avance			TAXISFAR	20140101	Charges exploit.const.avance	9729,00	0,00	A	20140101	20141231		
AD	A Nouveaux Détaillés	1	20140101	496200	Dép. s/ créances cessions immo			TAXISFAR	20140101	Dép. s/ créances cessions immo	0,00	12000,00			20141231		
AD	A Nouveaux Détaillés	1	20140101	512000	Banque populaire			TAXISFAR	20140101	Banque populaire	2356,31	0,00			20141231		
AD	A Nouveaux Détaillés	1	20140101	512100	Caisse d'épargne			TAXISFAR	20140101	Caisse epargne	5970,38	0,00			20141231		
AD	A Nouveaux Détaillés	1	20140101	518600	Intérêts courus a payer			TAXISFAR	20140101	Interets courus a payer	0,00	83,02	A	20140101	20141231		
AD	A Nouveaux Détaillés	1	20140101	880000	Resultat en attente d'affect.			TAXISFAR	20140101	Résultat en Euros 31/12/2013	6230,48	0,00	A	20140101	20141231		
AC	Achats frais generaux	2	20140110	626201	Téléphone fixe et internet			02.01	20140110	ORANGE INT 01.2015	45,23	0,00			20141231		
AC	Achats frais generaux	2	20140110	445660	Tva sur biens & services			02.01	20140110	ORANGE INT 01.2015	7,15	0,00	A	20141231	20141231		
AC	Achats frais generaux	2	20140110	401000	Fournisseurs	FORANG	Orange	02.01	20140110	ORANGE INT 01.2015	0,00	52,38	A	20140429	20141231		
AC	Achats frais generaux	3	20140117	615500	Entretien vehicules			01.01	20140117	AUTO REPAR EQUILIBRAGE ROUES 4601SA41	50,62	0,00			20141231		
AC	Achats frais generaux	3	20140117	445660	Tva sur biens & services			01.01	20140117	AUTO REPAR 4601SA41 Equilibrag	10,12	0,00	A	20141231	20141231		
AC	Achats frais generaux	3	20140117	108900	Apport personnel			01.01	20140117	AUTO REPAR 4601SA41 Equilibrag	0,00	60,74			20141231		
AC	Achats frais generaux	4	20140201	606400	Fournitures administratives			01.02	20140201	BUREAU VALLEE Scanner Brother	116,22	0,00			20141231		
AC	Achats frais generaux	4	20140201	445660	Tva sur biens & services			01.02	20140201	BUREAU VALLEE Scanner Brother	23,24	0,00	A	20141231	20141231		
AC	Achats frais generaux	4	20140201	108900	Apport personnel			01.02	20140201	BUREAU VALLEE Scanner Brother	0,00	139,46			20141231		
AC	Achats frais generaux	5	20140305	615500	Entretien vehicules			01.03	20140305	MIR PEUGEOT AP867QX SINISTRE HT	772,61	0,00			20141231		
AC	Achats frais generaux	5	20140305	791220	Remboursements assurances			05.03	20140305	MIR PEUGEOT AP867QX SINISTRE HT	0,00	772,61			20141231		
AC	Achats frais generaux	6	20140610	615500	Entretien vehicules			02.06	20140610	AUTO REPAR REP CONDENSATEUR AP867QX	644,31	0,00			20141231		
AC	Achats frais generaux	6	20140610	445660	Tva sur biens & services			02.06	20140610	AUTO REPAR REP CONDENSATEUR AP-867-QX	128,86	0,00	A	20141231	20141231		
AC	Achats frais generaux	6	20140610	108900	Apport personnel			02.06	20140610	AUTO REPAR REP CONDENSATEUR AP-867-QX	0,00	773,17			20141231		
AC	Achats frais generaux	7	20140617	218200	Materiel de transport			01.06	20140617	DIXIT IMPRIM Pub Véhicule	1127,50	0,00			20141231		
AC	Achats frais generaux	7	20140617	445660	Tva sur biens & services			01.06	20140617	DIXIT IMPRIM Pub Véhicule	225,50	0,00	A	20141231	20141231		
AC	Achats frais generaux	7	20140617	401000	Fournisseurs	FDIX	DIXIT IMPRIM	01.06	20140617	DIXIT IMPRIM Pub Véhicule	0,00	1353,00	A	20140618	20141231		
AC	Achats frais generaux	8	20140731	622600	Honoraires comptables			03.07	20140731	FITECO COMPTA AV 2013	0,00	572,00			20141231		
AC	Achats frais generaux	8	20140731	445660	Tva sur biens & services			03.07	20140731	FITECO COMPTA AV 2013	0,00	114,40	A	20141231	20141231		
AC	Achats frais generaux	8	20140731	401000	Fournisseurs	FFITEC	FITECO	03.07	20140731	FITECO COMPTA AV 2013	686,40	0,00			20141231		
AC	Achats frais generaux	9	20141231	625100	Voyages et déplacements			AC01	20141231	COFIROUTE 12/2014	43,42	0,00			20141231		
AC	Achats frais generaux	9	20141231	445660	Tva sur biens & services			AC01	20141231	COFIROUTE 12/2014	8,68	0,00			20141231		
AC	Achats frais generaux	9	20141231	401000	Fournisseurs	FCOFIR	Cofiroute	AC01	20141231	COFIROUTE 12/2014	0,00	52,10			20141231		
AC	Achats frais generaux	10	20141231	622600	Honoraires comptables			AC02	20141231	FITECO 2ACPTE14	1000,00	0,00			20141231		
AC	Achats frais generaux	10	20141231	445660	Tva sur biens & services			AC02	20141231	FITECO 2ACPTE14	200,00	0,00			20141231		
AC	Achats frais generaux	10	20141231	401000	Fournisseurs	FFITEC	FITECO	AC02	20141231	FITECO 2ACPTE14	0,00	1200,00			20141231		
AC	Achats frais generaux	11	20141231	606160	Carburant gazoil			AC03	20141231	CARREFOUR MARKET GO	49,09	0,00			20141231		
AC	Achats frais generaux	11	20141231	445660	Tva sur biens & services			AC03	20141231	CARREFOUR MARKET GO	9,82	0,00			20141231		
AC	Achats frais generaux	11	20141231	401000	Fournisseurs	FCARB	Gazoil cb	AC03	20141231	CARREFOUR MARKET GO	0,00	58,91			20141231		
AC	Achats frais generaux	12	20141231	626201	Téléphone fixe et internet			AC04	20141231	ORANGE INT 12/2014	35,75	0,00			20141231		
AC	Achats frais generaux	12	20141231	445660	Tva sur biens & services			AC04	20141231	ORANGE INT 12/2014	7,15	0,00			20141231		
AC	Achats frais generaux	12	20141231	401000	Fournisseurs	FORANG	Orange	AC04	20141231	ORANGE INT 12/2014	0,00	42,90			20141231		
CE	CAISSE D'EPARGNE	13	20140102	108000	Compte de l'exploitant			1	20140102	SALAIRE	600,00	0,00			20141231		
CE	CAISSE D'EPARGNE	13	20140102	512100	Caisse d'épargne			1	20140102	SALAIRE	0,00	600,00			20141231		
CE	CAISSE D'EPARGNE	14	20140102	768000	Autres produits financiers			1	20140102	Intérêts créditeurs	0,00	1,88			20141231		
CE	CAISSE D'EPARGNE	14	20140102	512100	Caisse d'épargne			1	20140102	Intérêts créditeurs	1,88	0,00			20141231		
CE	CAISSE D'EPARGNE	15	20140102	661600	Agios bancaires			1	20140102	Intérêts débiteurs	46,91	0,00			20141231		
CE	CAISSE D'EPARGNE	15	20140102	512100	Caisse d'épargne			1	20140102	Intérêts débiteurs	0,00	46,91			20141231		
CE	CAISSE D'EPARGNE	16	20140102	627800	Autres services bancaires			1	20140102	Commissions	13,56	0,00			20141231		
CE	CAISSE D'EPARGNE	16	20140102	512100	Caisse d'épargne			1	20140102	Commissions	0,00	13,56			20141231		
CE	CAISSE D'EPARGNE	17	20140104	606160	Carburant gazoil			1	20140104	GO	83,14	0,00			20141231		
CE	CAISSE D'EPARGNE	17	20140104	512100	Caisse d'épargne			1	20140104	GO	0,00	83,14			20141231		
CE	CAISSE D'EPARGNE	18	20140104	445660	Tva sur biens & services			1	20140104	GO	16,63	0,00	A	20141231	20141231		
CE	CAISSE D'EPARGNE	18	20140104	512100	Caisse d'épargne			1	20140104	GO	0,00	16,63			20141231		
CE	CAISSE D'EPARGNE	19	20140107	108000	Compte de l'exploitant			1	20140107	AXA KANGOO ? PAYE PERSO	112,41	0,00			20141231		
CE	CAISSE D'EPARGNE	19	20140107	512100	Caisse d'épargne			1	20140107	AXA KANGOO ? PAYE PERSO	0,00	112,41			20141231		
CE	CAISSE D'EPARGNE	20	20140107	625100	Voyages et déplacements			1	20140107	COFIROUTE	11,60	0,00			20141231		
CE	CAISSE D'EPARGNE	20	20140107	512100	Caisse d'épargne			1	20140107	COFIROUTE	0,00	11,60			20141231		
CE	CAISSE D'EPARGNE	21	20140108	615500	Entretien vehicules			1	20140108	ESPACE AUTO PALIER MOT 4601SA41	146,26	0,00			20141231		
CE	CAISSE D'EPARGNE	21	20140108	512100	Caisse d'épargne			1	20140108	ESPACE AUTO PALIER MOT 4601SA41	0,00	146,26			20141231		
CE	CAISSE D'EPARGNE	22	20140108	445660	Tva sur biens & services			1	20140108	ESPACE AUTO palier mot	29,25	0,00	A	20141231	20141231		
CE	CAISSE D'EPARGNE	22	20140108	512100	Caisse d'épargne			1	20140108	ESPACE AUTO palier mot	0,00	29,25			20141231		
CE	CAISSE D'EPARGNE	23	20140108	606160	Carburant gazoil			1	20140108	GO	48,97	0,00			20141231		
CE	CAISSE D'EPARGNE	23	20140108	512100	Caisse d'épargne			1	20140108	GO	0,00	48,97			20141231		
CE	CAISSE D'EPARGNE	24	20140108	445660	Tva sur biens & services			1	20140108	GO	9,80	0,00	A	20141231	20141231		
CE	CAISSE D'EPARGNE	24	20140108	512100	Caisse d'épargne			1	20140108	GO	0,00	9,80			20141231		
CE	CAISSE D'EPARGNE	25	20140110	613500	Location adresse electronique			1	20140110	LOCAM 01/2014	88,00	0,00			20141231		
CE	CAISSE D'EPARGNE	25	20140110	512100	Caisse d'épargne			1	20140110	LOCAM 01/2014	0,00	88,00			20141231		
CE	CAISSE D'EPARGNE	26	20140110	445660	Tva sur biens & services			1	20140110	LOCAM 01/2014	17,60	0,00	A	20141231	20141231		
CE	CAISSE D'EPARGNE	26	20140110	512100	Caisse d'épargne			1	20140110	LOCAM 01/2014	0,00	17,60			20141231		
CE	CAISSE D'EPARGNE	27	20140110	615500	Entretien vehicules			1	20140110	ESPACE AUTO PALIER MOT 4601SA41	71,31	0,00			20141231		
CE	CAISSE D'EPARGNE	27	20140110	512100	Caisse d'épargne			1	20140110	ESPACE AUTO PALIER MOT 4601SA41	0,00	71,31			20141231		
CE	CAISSE D'EPARGNE	28	20140110	445660	Tva sur biens & services			1	20140110	ESPACE AUTO Palier mot	14,26	0,00	A	20141231	20141231		
CE	CAISSE D'EPARGNE	28	20140110	512100	Caisse d'épargne			1	20140110	ESPACE AUTO Palier mot	0,00	14,26			20141231		
CE	CAISSE D'EPARGNE	29	20140114	606160	Carburant gazoil			1	20140114	GO	50,84	0,00			20141231		
CE	CAISSE D'EPARGNE	29	20140114	512100	Caisse d'épargne			1	20140114	GO	0,00	50,84			20141231		
CE	CAISSE D'EPARGNE	30	20140114	445660	Tva sur biens & services			1	20140114	GO	10,17	0,00	A	20141231	20141231		
CE	CAISSE D'EPARGNE	30	20140114	512100	Caisse d'épargne			1	20140114	GO	0,00	10,17			20141231		
CE	CAISSE D'EPARGNE	31	20140114	606160	Carburant gazoil			1	20140114	GO	72,47	0,00			20141231		
CE	CAISSE D'EPARGNE	31	20140114	512100	Caisse d'épargne			1	20140114	GO	0,00	72,47			20141231		
CE	CAISSE D'EPARGNE	32	20140114	445660	Tva sur biens & services			1	20140114	GO	14,50	0,00	A	20141231	20141231		
CE	CAISSE D'EPARGNE	32	20140114	512100	Caisse d'épargne			1	20140114	GO	0,00	14,50			20141231		
CE	CAISSE D'EPARGNE	33	20140115	164503	Emprunt 8257883			1	20140115	Prêt 7883	170,38	0,00			20141231		
CE	CAISSE D'EPARGNE	33	20140115	512100	Caisse d'épargne			1	20140115	Prêt 7883	0,00	170,38			20141231		
CE	CAISSE D'EPARGNE	34	20140115	661100	Intérêts sur emprunts			1	20140115	Prêt 7883	14,30	0,00			20141231		
CE	CAISSE D'EPARGNE	34	20140115	512100	Caisse d'épargne			1	20140115	Prêt 7883	0,00	14,30			20141231		
CE	CAISSE D'EPARGNE	35	20140115	401000	Fournisseurs	FPAG	Pages jaunes	1	20140115	PAGES JAUNES	162,95	0,00	A	20140214	20141231		
CE	CAISSE D'EPARGNE	35	20140115	512100	Caisse d'épargne			1	20140115	PAGES JAUNES	0,00	162,95			20141231		
CE	CAISSE D'EPARGNE	36	20140115	616081	Assurance décès sur emprunt			1	20140115	BPCE ASS 01/2014	81,00	0,00			20141231		
CE	CAISSE D'EPARGNE	36	20140115	512100	Caisse d'épargne			1	20140115	BPCE ASS 01/2014	0,00	81,00			20141231		
CE	CAISSE D'EPARGNE	37	20140115	606400	Fournitures administratives			1	20140115	BUREAU VALLEE IMPRIMANTE+CHEMISES	200,26	0,00			20141231		
CE	CAISSE D'EPARGNE	37	20140115	512100	Caisse d'épargne			1	20140115	BUREAU VALLEE IMPRIMANTE+CHEMISES	0,00	200,26			20141231		
CE	CAISSE D'EPARGNE	38	20140115	445660	Tva sur biens & services			1	20140115	BUREAU VALLEE IMPRIMANTE+CHEMISES	40,05	0,00	A	20141231	20141231		
CE	CAISSE D'EPARGNE	38	20140115	512100	Caisse d'épargne			1	20140115	BUREAU VALLEE IMPRIMANTE+CHEMISES	0,00	40,05			20141231		
CE	CAISSE D'EPARGNE	39	20140115	411000	Clients			1	20140115	MSA Berry	0,00	1224,36	H	20140131	20141231		
CE	CAISSE D'EPARGNE	39	20140115	512100	Caisse d'épargne			1	20140115	MSA Berry	1224,36	0,00			20141231		
CE	CAISSE D'EPARGNE	40	20140115	606160	Carburant gazoil			1	20140115	GO	49,95	0,00			20141231		
CE	CAISSE D'EPARGNE	40	20140115	512100	Caisse d'épargne			1	20140115	GO	0,00	49,95			20141231		
CE	CAISSE D'EPARGNE	41	20140115	445660	Tva sur biens & services			1	20140115	GO	9,99	0,00	A	20141231	20141231		
CE	CAISSE D'EPARGNE	41	20140115	512100	Caisse d'épargne			1	20140115	GO	0,00	9,99			20141231		
CE	CAISSE D'EPARGNE	42	20140115	625100	Voyages et déplacements			1	20140115	BUFFALO 1 Repas	30,55	0,00			20141231		
CE	CAISSE D'EPARGNE	42	20140115	512100	Caisse d'épargne			1	20140115	BUFFALO 1 Repas	0,00	30,55			20141231		
CE	CAISSE D'EPARGNE	43	20140115	445660	Tva sur biens & services			1	20140115	BUFFALO 1 Repas 10%	3,05	0,00	A	20141231	20141231		
CE	CAISSE D'EPARGNE	43	20140115	512100	Caisse d'épargne			1	20140115	BUFFALO 1 Repas 10%	0,00	3,05			20141231		
CE	CAISSE D'EPARGNE	44	20140116	411000	Clients			1	20140116	CPAM Blois	0,00	1392,63	I	20140131	20141231		
CE	CAISSE D'EPARGNE	44	20140116	512100	Caisse d'épargne			1	20140116	CPAM Blois	1392,63	0,00			20141231		
CE	CAISSE D'EPARGNE	45	20140116	606160	Carburant gazoil			1	20140116	GO	85,19	0,00			20141231		
CE	CAISSE D'EPARGNE	45	20140116	512100	Caisse d'épargne			1	20140116	GO	0,00	85,19			20141231		
CE	CAISSE D'EPARGNE	46	20140116	445660	Tva sur biens & services			1	20140116	GO	17,04	0,00	A	20141231	20141231		
CE	CAISSE D'EPARGNE	46	20140116	512100	Caisse d'épargne			1	20140116	GO	0,00	17,04			20141231		
CE	CAISSE D'EPARGNE	47	20140116	401000	Fournisseurs	FMIR	Carroserie mir	1	20140116	Carrosserie MIR TVA	187,77	0,00	A	20140116	20141231		
CE	CAISSE D'EPARGNE	47	20140116	512100	Caisse d'épargne			1	20140116	Carrosserie MIR TVA	0,00	187,77			20141231		
CE	CAISSE D'EPARGNE	48	20140116	658000	Charges diverses de gestion			1	20140116	Carrosserie MIR TVA ECART	0,01	0,00			20141231		
CE	CAISSE D'EPARGNE	48	20140116	512100	Caisse d'épargne			1	20140116	Carrosserie MIR TVA ECART	0,00	0,01			20141231		
CE	CAISSE D'EPARGNE	49	20140116	615500	Entretien vehicules			1	20140116	OSCARO DISTRI+POMPE A EAU 4601SA41	241,57	0,00			20141231		
CE	CAISSE D'EPARGNE	49	20140116	512100	Caisse d'épargne			1	20140116	OSCARO DISTRI+POMPE A EAU 4601SA41	0,00	241,57			20141231		
CE	CAISSE D'EPARGNE	50	20140116	445660	Tva sur biens & services			1	20140116	OSCARO DISTRI+POMPE A EAU 4601SA41	48,32	0,00	A	20141231	20141231		
CE	CAISSE D'EPARGNE	50	20140116	512100	Caisse d'épargne			1	20140116	OSCARO DISTRI+POMPE A EAU 4601SA41	0,00	48,32			20141231		
CE	CAISSE D'EPARGNE	51	20140117	606160	Carburant gazoil			1	20140117	GO	52,80	0,00			20141231		
CE	CAISSE D'EPARGNE	51	20140117	512100	Caisse d'épargne			1	20140117	GO	0,00	52,80			20141231		
CE	CAISSE D'EPARGNE	52	20140117	445660	Tva sur biens & services			1	20140117	GO	10,56	0,00	A	20141231	20141231		
CE	CAISSE D'EPARGNE	52	20140117	512100	Caisse d'épargne			1	20140117	GO	0,00	10,56			20141231		
CE	CAISSE D'EPARGNE	53	20140118	625100	Voyages et déplacements			1	20140118	COFIROUTE	67,30	0,00			20141231		
CE	CAISSE D'EPARGNE	53	20140118	512100	Caisse d'épargne			1	20140118	COFIROUTE	0,00	67,30			20141231		
CE	CAISSE D'EPARGNE	54	20140118	606160	Carburant gazoil			1	20140118	GO	44,17	0,00			20141231		
CE	CAISSE D'EPARGNE	54	20140118	512100	Caisse d'épargne			1	20140118	GO	0,00	44,17			20141231		
CE	CAISSE D'EPARGNE	55	20140118	445660	Tva sur biens & services			1	20140118	GO	8,84	0,00	A	20141231	20141231		
CE	CAISSE D'EPARGNE	55	20140118	512100	Caisse d'épargne			1	20140118	GO	0,00	8,84			20141231		
CE	CAISSE D'EPARGNE	56	20140120	164500	Emprunt 8234663			1	20140120	Prêt 4663	364,15	0,00			20141231		
CE	CAISSE D'EPARGNE	56	20140120	512100	Caisse d'épargne			1	20140120	Prêt 4663	0,00	364,15			20141231		
CE	CAISSE D'EPARGNE	57	20140120	661100	Intérêts sur emprunts			1	20140120	Prêt 4663	45,90	0,00			20141231		
CE	CAISSE D'EPARGNE	57	20140120	512100	Caisse d'épargne			1	20140120	Prêt 4663	0,00	45,90			20141231		
CE	CAISSE D'EPARGNE	58	20140121	646400	Rsi ava vieillesse urssaf mala			1	20140121	RSI 01/2014	168,00	0,00			20141231		
CE	CAISSE D'EPARGNE	58	20140121	512100	Caisse d'épargne			1	20140121	RSI 01/2014	0,00	168,00			20141231		
CE	CAISSE D'EPARGNE	59	20140121	411000	Clients			1	20140121	JACK JEANINE	0,00	72,60	J	20140121	20141231		
CE	CAISSE D'EPARGNE	59	20140121	512100	Caisse d'épargne			1	20140121	JACK JEANINE	72,60	0,00			20141231		
CE	CAISSE D'EPARGNE	60	20140121	606160	Carburant gazoil			1	20140121	GO	44,87	0,00			20141231		
CE	CAISSE D'EPARGNE	60	20140121	512100	Caisse d'épargne			1	20140121	GO	0,00	44,87			20141231		
CE	CAISSE D'EPARGNE	61	20140121	445660	Tva sur biens & services			1	20140121	GO	8,97	0,00	A	20141231	20141231		
CE	CAISSE D'EPARGNE	61	20140121	512100	Caisse d'épargne			1	20140121	GO	0,00	8,97			20141231		
CE	CAISSE D'EPARGNE	62	20140122	615500	Entretien vehicules			1	20140122	AUTO CONTROLE TECHNIQUE 4601SA41	46,67	0,00			20141231		
CE	CAISSE D'EPARGNE	62	20140122	512100	Caisse d'épargne			1	20140122	AUTO CONTROLE TECHNIQUE 4601SA41	0,00	46,67			20141231		
CE	CAISSE D'EPARGNE	63	20140122	445660	Tva sur biens & services			1	20140122	AUTO CONTROLE 4601SA41	9,33	0,00	A	20141231	20141231		
CE	CAISSE D'EPARGNE	63	20140122	512100	Caisse d'épargne			1	20140122	AUTO CONTROLE 4601SA41	0,00	9,33			20141231		
CE	CAISSE D'EPARGNE	64	20140122	615500	Entretien vehicules			1	20140122	AUTO CONTROLE TECHNIQUE AP867QX	46,67	0,00			20141231		
CE	CAISSE D'EPARGNE	64	20140122	512100	Caisse d'épargne			1	20140122	AUTO CONTROLE TECHNIQUE AP867QX	0,00	46,67			20141231		
CE	CAISSE D'EPARGNE	65	20140122	445660	Tva sur biens & services			1	20140122	AUTO CONTROLE AP-867-QX	9,33	0,00	A	20141231	20141231		
CE	CAISSE D'EPARGNE	65	20140122	512100	Caisse d'épargne			1	20140122	AUTO CONTROLE AP-867-QX	0,00	9,33			20141231		
CE	CAISSE D'EPARGNE	66	20140122	615500	Entretien vehicules			1	20140122	SUPER PNEUS 2 PNEUS 4601SA41	246,58	0,00			20141231		
CE	CAISSE D'EPARGNE	66	20140122	512100	Caisse d'épargne			1	20140122	SUPER PNEUS 2 PNEUS 4601SA41	0,00	246,58			20141231		
CE	CAISSE D'EPARGNE	67	20140122	445660	Tva sur biens & services			1	20140122	SUPER PNEUS 4601SA41	49,32	0,00	A	20141231	20141231		
CE	CAISSE D'EPARGNE	67	20140122	512100	Caisse d'épargne			1	20140122	SUPER PNEUS 4601SA41	0,00	49,32			20141231		
CE	CAISSE D'EPARGNE	68	20140123	615600	Maintenance logiciel			1	20140123	Butz-Baron Assistance Taxilog 	175,00	0,00			20141231		
CE	CAISSE D'EPARGNE	68	20140123	512100	Caisse d'épargne			1	20140123	Butz-Baron Assistance Taxilog 	0,00	175,00			20141231		
CE	CAISSE D'EPARGNE	69	20140123	445660	Tva sur biens & services			1	20140123	Butz-Baron Assistance Taxilog 	35,00	0,00	A	20141231	20141231		
CE	CAISSE D'EPARGNE	69	20140123	512100	Caisse d'épargne			1	20140123	Butz-Baron Assistance Taxilog 	0,00	35,00			20141231		
CE	CAISSE D'EPARGNE	70	20140123	164502	Emprunt 8249866			1	20140123	Prêt 9866	801,49	0,00			20141231		
CE	CAISSE D'EPARGNE	70	20140123	512100	Caisse d'épargne			1	20140123	Prêt 9866	0,00	801,49			20141231		
CE	CAISSE D'EPARGNE	71	20140123	661100	Intérêts sur emprunts			1	20140123	Prêt 9866	113,33	0,00			20141231		
CE	CAISSE D'EPARGNE	71	20140123	512100	Caisse d'épargne			1	20140123	Prêt 9866	0,00	113,33			20141231		
CE	CAISSE D'EPARGNE	72	20140125	626200	Téléphone mobile			1	20140125	Orange Mobile 01/2014	65,13	0,00			20141231		
CE	CAISSE D'EPARGNE	72	20140125	512100	Caisse d'épargne			1	20140125	Orange Mobile 01/2014	0,00	65,13			20141231		
CE	CAISSE D'EPARGNE	73	20140125	445660	Tva sur biens & services			1	20140125	Orange Mobile 01/2014	13,02	0,00	A	20141231	20141231		
CE	CAISSE D'EPARGNE	73	20140125	512100	Caisse d'épargne			1	20140125	Orange Mobile 01/2014	0,00	13,02			20141231		
CE	CAISSE D'EPARGNE	74	20140125	606160	Carburant gazoil			1	20140125	GO	54,08	0,00			20141231		
CE	CAISSE D'EPARGNE	74	20140125	512100	Caisse d'épargne			1	20140125	GO	0,00	54,08			20141231		
CE	CAISSE D'EPARGNE	75	20140125	445660	Tva sur biens & services			1	20140125	GO	10,82	0,00	A	20141231	20141231		
CE	CAISSE D'EPARGNE	75	20140125	512100	Caisse d'épargne			1	20140125	GO	0,00	10,82			20141231		
CE	CAISSE D'EPARGNE	76	20140129	606160	Carburant gazoil			1	20140129	GO	62,17	0,00			20141231		
CE	CAISSE D'EPARGNE	76	20140129	512100	Caisse d'épargne			1	20140129	GO	0,00	62,17			20141231		
CE	CAISSE D'EPARGNE	77	20140129	445660	Tva sur biens & services			1	20140129	GO	12,44	0,00	A	20141231	20141231		
CE	CAISSE D'EPARGNE	77	20140129	512100	Caisse d'épargne			1	20140129	GO	0,00	12,44			20141231		
CE	CAISSE D'EPARGNE	78	20140129	625100	Voyages et déplacements			1	20140129	MARMITE EXPRESS 2 Repas	30,73	0,00			20141231		
CE	CAISSE D'EPARGNE	78	20140129	512100	Caisse d'épargne			1	20140129	MARMITE EXPRESS 2 Repas	0,00	30,73			20141231		
CE	CAISSE D'EPARGNE	79	20140129	445660	Tva sur biens & services			1	20140129	MARMITE EXPRESS 2 Repas	3,07	0,00	A	20141231	20141231		
CE	CAISSE D'EPARGNE	79	20140129	512100	Caisse d'épargne			1	20140129	MARMITE EXPRESS 2 Repas	0,00	3,07			20141231		
CE	CAISSE D'EPARGNE	80	20140130	606160	Carburant gazoil			1	20140130	GO	62,69	0,00			20141231		
CE	CAISSE D'EPARGNE	80	20140130	512100	Caisse d'épargne			1	20140130	GO	0,00	62,69			20141231		
CE	CAISSE D'EPARGNE	81	20140130	445660	Tva sur biens & services			1	20140130	GO	12,54	0,00	A	20141231	20141231		
CE	CAISSE D'EPARGNE	81	20140130	512100	Caisse d'épargne			1	20140130	GO	0,00	12,54			20141231		
CE	CAISSE D'EPARGNE	82	20140131	401000	Fournisseurs	FFITEC	FITECO	1	20140131	FITECO Chèque 284 /2013	1200,00	0,00	A	20140507	20141231		
CE	CAISSE D'EPARGNE	82	20140131	512100	Caisse d'épargne			1	20140131	FITECO Chèque 284 /2013	0,00	1200,00			20141231		
CE	CAISSE D'EPARGNE	83	20140201	108000	Compte de l'exploitant			02.2014	20140201	SALAIRE	600,00	0,00			20141231		
CE	CAISSE D'EPARGNE	83	20140201	512100	Caisse d'épargne			02.2014	20140201	SALAIRE	0,00	600,00			20141231		
CE	CAISSE D'EPARGNE	84	20140201	606160	Carburant gazoil			02.2014	20140201	GO	47,48	0,00			20141231		
CE	CAISSE D'EPARGNE	84	20140201	512100	Caisse d'épargne			02.2014	20140201	GO	0,00	47,48			20141231		
CE	CAISSE D'EPARGNE	85	20140201	445660	Tva sur biens & services			02.2014	20140201	GO	9,50	0,00	A	20141231	20141231		
CE	CAISSE D'EPARGNE	85	20140201	512100	Caisse d'épargne			02.2014	20140201	GO	0,00	9,50			20141231		
CE	CAISSE D'EPARGNE	86	20140201	615500	Entretien vehicules			02.2014	20140201	SUPER PNEUS 2 PNEUS 4601SA41	246,58	0,00			20141231		
CE	CAISSE D'EPARGNE	86	20140201	512100	Caisse d'épargne			02.2014	20140201	SUPER PNEUS 2 PNEUS 4601SA41	0,00	246,58			20141231		
CE	CAISSE D'EPARGNE	87	20140201	445660	Tva sur biens & services			02.2014	20140201	SUPER PNEUS Transporter 2 pneu	49,32	0,00	A	20141231	20141231		
CE	CAISSE D'EPARGNE	87	20140201	512100	Caisse d'épargne			02.2014	20140201	SUPER PNEUS Transporter 2 pneu	0,00	49,32			20141231		
CE	CAISSE D'EPARGNE	88	20140203	606300	Fournitures petits équipements			02.2014	20140203	DALTA Lingette + Autonet	190,60	0,00			20141231		
CE	CAISSE D'EPARGNE	88	20140203	512100	Caisse d'épargne			02.2014	20140203	DALTA Lingette + Autonet	0,00	190,60			20141231		
CE	CAISSE D'EPARGNE	89	20140203	445660	Tva sur biens & services			02.2014	20140203	DALTA Lingette + Autonet	37,44	0,00	A	20141231	20141231		
CE	CAISSE D'EPARGNE	89	20140203	512100	Caisse d'épargne			02.2014	20140203	DALTA Lingette + Autonet	0,00	37,44			20141231		
CE	CAISSE D'EPARGNE	90	20140204	626200	Téléphone mobile			02.2014	20140204	ORANGE Mobile 01/2014	14,21	0,00			20141231		
CE	CAISSE D'EPARGNE	90	20140204	512100	Caisse d'épargne			02.2014	20140204	ORANGE Mobile 01/2014	0,00	14,21			20141231		
CE	CAISSE D'EPARGNE	91	20140204	445660	Tva sur biens & services			02.2014	20140204	ORANGE Mobile 01/2014	2,79	0,00	A	20141231	20141231		
CE	CAISSE D'EPARGNE	91	20140204	512100	Caisse d'épargne			02.2014	20140204	ORANGE Mobile 01/2014	0,00	2,79			20141231		
CE	CAISSE D'EPARGNE	92	20140204	606160	Carburant gazoil			02.2014	20140204	GO	58,41	0,00			20141231		
CE	CAISSE D'EPARGNE	92	20140204	512100	Caisse d'épargne			02.2014	20140204	GO	0,00	58,41			20141231		
CE	CAISSE D'EPARGNE	93	20140204	445660	Tva sur biens & services			02.2014	20140204	GO	11,68	0,00	A	20141231	20141231		
CE	CAISSE D'EPARGNE	93	20140204	512100	Caisse d'épargne			02.2014	20140204	GO	0,00	11,68			20141231		
CE	CAISSE D'EPARGNE	94	20140205	615500	Entretien vehicules			02.2014	20140205	 PAYPAL PIECES AUTO	23,88	0,00			20141231		
CE	CAISSE D'EPARGNE	94	20140205	512100	Caisse d'épargne			02.2014	20140205	 PAYPAL PIECES AUTO	0,00	23,88			20141231		
CE	CAISSE D'EPARGNE	95	20140205	606160	Carburant gazoil			02.2014	20140205	GO	45,47	0,00			20141231		
CE	CAISSE D'EPARGNE	95	20140205	512100	Caisse d'épargne			02.2014	20140205	GO	0,00	45,47			20141231		
CE	CAISSE D'EPARGNE	96	20140205	445660	Tva sur biens & services			02.2014	20140205	GO	9,09	0,00	A	20141231	20141231		
CE	CAISSE D'EPARGNE	96	20140205	512100	Caisse d'épargne			02.2014	20140205	GO	0,00	9,09			20141231		
CE	CAISSE D'EPARGNE	97	20140206	411000	Clients			02.2014	20140206	MSA berry Touraine	0,00	1672,81	G	20140228	20141231		
CE	CAISSE D'EPARGNE	97	20140206	512100	Caisse d'épargne			02.2014	20140206	MSA berry Touraine	1672,81	0,00			20141231		
CE	CAISSE D'EPARGNE	98	20140206	411000	Clients			02.2014	20140206	CPAM Blois	0,00	2862,42	AR	20140531	20141231		
CE	CAISSE D'EPARGNE	98	20140206	512100	Caisse d'épargne			02.2014	20140206	CPAM Blois	2862,42	0,00			20141231		
CE	CAISSE D'EPARGNE	99	20140207	627800	Autres services bancaires			02.2014	20140207	Forfait libre 1T2014	65,11	0,00			20141231		
CE	CAISSE D'EPARGNE	99	20140207	512100	Caisse d'épargne			02.2014	20140207	Forfait libre 1T2014	0,00	65,11			20141231		
CE	CAISSE D'EPARGNE	100	20140207	445660	Tva sur biens & services			02.2014	20140207	Forfait libre 1T2014	2,72	0,00	A	20141231	20141231		
CE	CAISSE D'EPARGNE	100	20140207	512100	Caisse d'épargne			02.2014	20140207	Forfait libre 1T2014	0,00	2,72			20141231		
CE	CAISSE D'EPARGNE	101	20140210	613500	Location adresse electronique			02.2014	20140210	LOCAM 02/2014	88,00	0,00			20141231		
CE	CAISSE D'EPARGNE	101	20140210	512100	Caisse d'épargne			02.2014	20140210	LOCAM 02/2014	0,00	88,00			20141231		
CE	CAISSE D'EPARGNE	102	20140210	445660	Tva sur biens & services			02.2014	20140210	LOCAM	17,60	0,00	A	20141231	20141231		
CE	CAISSE D'EPARGNE	102	20140210	512100	Caisse d'épargne			02.2014	20140210	LOCAM	0,00	17,60			20141231		
CE	CAISSE D'EPARGNE	103	20140210	606160	Carburant gazoil			02.2014	20140210	GO	51,96	0,00			20141231		
CE	CAISSE D'EPARGNE	103	20140210	512100	Caisse d'épargne			02.2014	20140210	GO	0,00	51,96			20141231		
CE	CAISSE D'EPARGNE	104	20140210	445660	Tva sur biens & services			02.2014	20140210	GO	10,39	0,00	A	20141231	20141231		
CE	CAISSE D'EPARGNE	104	20140210	512100	Caisse d'épargne			02.2014	20140210	GO	0,00	10,39			20141231		
CE	CAISSE D'EPARGNE	105	20140211	411000	Clients			02.2014	20140211	JANSSEN 7%	0,00	248,25	A	20140211	20141231		
CE	CAISSE D'EPARGNE	105	20140211	512100	Caisse d'épargne			02.2014	20140211	JANSSEN 7%	248,25	0,00			20141231		
CE	CAISSE D'EPARGNE	106	20140212	411000	Clients			02.2014	20140212	NORGUET	0,00	69,90	B	20140220	20141231		
CE	CAISSE D'EPARGNE	106	20140212	512100	Caisse d'épargne			02.2014	20140212	NORGUET	69,90	0,00			20141231		
CE	CAISSE D'EPARGNE	107	20140212	411000	Clients			02.2014	20140212	DORCEMAINE	0,00	78,60	B	20140220	20141231		
CE	CAISSE D'EPARGNE	107	20140212	512100	Caisse d'épargne			02.2014	20140212	DORCEMAINE	78,60	0,00			20141231		
CE	CAISSE D'EPARGNE	108	20140212	411000	Clients			02.2014	20140212	VENNAT	0,00	45,00			20141231		
CE	CAISSE D'EPARGNE	108	20140212	512100	Caisse d'épargne			02.2014	20140212	VENNAT	45,00	0,00			20141231		
CE	CAISSE D'EPARGNE	109	20140212	411000	Clients			02.2014	20140212	ENT MUT	0,00	280,76	BD	20141231	20141231		
CE	CAISSE D'EPARGNE	109	20140212	512100	Caisse d'épargne			02.2014	20140212	ENT MUT	280,76	0,00			20141231		
CE	CAISSE D'EPARGNE	110	20140212	411000	Clients			02.2014	20140212	LECORNEE	0,00	99,20			20141231		
CE	CAISSE D'EPARGNE	110	20140212	512100	Caisse d'épargne			02.2014	20140212	LECORNEE	99,20	0,00			20141231		
CE	CAISSE D'EPARGNE	111	20140212	606160	Carburant gazoil			02.2014	20140212	GO	45,47	0,00			20141231		
CE	CAISSE D'EPARGNE	111	20140212	512100	Caisse d'épargne			02.2014	20140212	GO	0,00	45,47			20141231		
CE	CAISSE D'EPARGNE	112	20140212	445660	Tva sur biens & services			02.2014	20140212	GO	9,09	0,00	A	20141231	20141231		
CE	CAISSE D'EPARGNE	112	20140212	512100	Caisse d'épargne			02.2014	20140212	GO	0,00	9,09			20141231		
CE	CAISSE D'EPARGNE	113	20140212	411000	Clients			02.2014	20140212	CPAM Blois	0,00	650,62	L	20140228	20141231		
CE	CAISSE D'EPARGNE	113	20140212	512100	Caisse d'épargne			02.2014	20140212	CPAM Blois	650,62	0,00			20141231		
CE	CAISSE D'EPARGNE	114	20140213	616000	Assurance covea			02.2014	20140213	COVEA 16/01/2013-31/03/2014	612,00	0,00			20141231		
CE	CAISSE D'EPARGNE	114	20140213	512100	Caisse d'épargne			02.2014	20140213	COVEA 16/01/2013-31/03/2014	0,00	612,00			20141231		
CE	CAISSE D'EPARGNE	115	20140213	411000	Clients			02.2014	20140213	MSA Berry Touraine	0,00	491,60	F	20140228	20141231		
CE	CAISSE D'EPARGNE	115	20140213	512100	Caisse d'épargne			02.2014	20140213	MSA Berry Touraine	491,60	0,00			20141231		
CE	CAISSE D'EPARGNE	116	20140214	401000	Fournisseurs	FPAG	Pages jaunes	02.2014	20140214	PAGES JAUNES	162,97	0,00	A	20140214	20141231		
CE	CAISSE D'EPARGNE	116	20140214	512100	Caisse d'épargne			02.2014	20140214	PAGES JAUNES	0,00	162,97			20141231		
CE	CAISSE D'EPARGNE	117	20140214	615500	Entretien vehicules			02.2014	20140214	SCARO 2 AMORTISSEURS 4601SA41	124,90	0,00			20141231		
CE	CAISSE D'EPARGNE	117	20140214	512100	Caisse d'épargne			02.2014	20140214	SCARO 2 AMORTISSEURS 4601SA41	0,00	124,90			20141231		
CE	CAISSE D'EPARGNE	118	20140214	606300	Fournitures petits équipements			02.2014	20140214	BRICO DEPOT Lubrifiant + Cof 	38,37	0,00			20141231		
CE	CAISSE D'EPARGNE	118	20140214	512100	Caisse d'épargne			02.2014	20140214	BRICO DEPOT Lubrifiant + Cof 	0,00	38,37			20141231		
CE	CAISSE D'EPARGNE	119	20140214	445660	Tva sur biens & services			02.2014	20140214	BRICO DEPOT Lubrifiant + Cof 	7,68	0,00	A	20141231	20141231		
CE	CAISSE D'EPARGNE	119	20140214	512100	Caisse d'épargne			02.2014	20140214	BRICO DEPOT Lubrifiant + Cof 	0,00	7,68			20141231		
CE	CAISSE D'EPARGNE	120	20140215	164503	Emprunt 8257883			02.2014	20140215	Prêt N° 883 02/2014	170,71	0,00			20141231		
CE	CAISSE D'EPARGNE	120	20140215	512100	Caisse d'épargne			02.2014	20140215	Prêt N° 883 02/2014	0,00	170,71			20141231		
CE	CAISSE D'EPARGNE	121	20140215	661100	Intérêts sur emprunts			02.2014	20140215	Prêt N° 883 02/2014	13,97	0,00			20141231		
CE	CAISSE D'EPARGNE	121	20140215	512100	Caisse d'épargne			02.2014	20140215	Prêt N° 883 02/2014	0,00	13,97			20141231		
CE	CAISSE D'EPARGNE	122	20140215	606160	Carburant gazoil			02.2014	20140215	GO	53,29	0,00			20141231		
CE	CAISSE D'EPARGNE	122	20140215	512100	Caisse d'épargne			02.2014	20140215	GO	0,00	53,29			20141231		
CE	CAISSE D'EPARGNE	123	20140215	445660	Tva sur biens & services			02.2014	20140215	GO	10,66	0,00	A	20141231	20141231		
CE	CAISSE D'EPARGNE	123	20140215	512100	Caisse d'épargne			02.2014	20140215	GO	0,00	10,66			20141231		
CE	CAISSE D'EPARGNE	124	20140217	606160	Carburant gazoil			02.2014	20140217	GO	35,72	0,00			20141231		
CE	CAISSE D'EPARGNE	124	20140217	512100	Caisse d'épargne			02.2014	20140217	GO	0,00	35,72			20141231		
CE	CAISSE D'EPARGNE	125	20140217	445660	Tva sur biens & services			02.2014	20140217	GO	7,15	0,00	A	20141231	20141231		
CE	CAISSE D'EPARGNE	125	20140217	512100	Caisse d'épargne			02.2014	20140217	GO	0,00	7,15			20141231		
CE	CAISSE D'EPARGNE	126	20140219	606160	Carburant gazoil			02.2014	20140219	GO	43,20	0,00			20141231		
CE	CAISSE D'EPARGNE	126	20140219	512100	Caisse d'épargne			02.2014	20140219	GO	0,00	43,20			20141231		
CE	CAISSE D'EPARGNE	127	20140219	445660	Tva sur biens & services			02.2014	20140219	GO	8,64	0,00	A	20141231	20141231		
CE	CAISSE D'EPARGNE	127	20140219	512100	Caisse d'épargne			02.2014	20140219	GO	0,00	8,64			20141231		
CE	CAISSE D'EPARGNE	128	20140220	164500	Emprunt 8234663			02.2014	20140220	Prêt N°663 02/2014	364,95	0,00			20141231		
CE	CAISSE D'EPARGNE	128	20140220	512100	Caisse d'épargne			02.2014	20140220	Prêt N°663 02/2014	0,00	364,95			20141231		
CE	CAISSE D'EPARGNE	129	20140220	661100	Intérêts sur emprunts			02.2014	20140220	Prêt N°663 02/2014	45,10	0,00			20141231		
CE	CAISSE D'EPARGNE	129	20140220	512100	Caisse d'épargne			02.2014	20140220	Prêt N°663 02/2014	0,00	45,10			20141231		
CE	CAISSE D'EPARGNE	130	20140220	625100	Voyages et déplacements			02.2014	20140220	COFIROUTE	59,17	0,00			20141231		
CE	CAISSE D'EPARGNE	130	20140220	512100	Caisse d'épargne			02.2014	20140220	COFIROUTE	0,00	59,17			20141231		
CE	CAISSE D'EPARGNE	131	20140220	445660	Tva sur biens & services			02.2014	20140220	COFIROUTE	11,83	0,00	A	20141231	20141231		
CE	CAISSE D'EPARGNE	131	20140220	512100	Caisse d'épargne			02.2014	20140220	COFIROUTE	0,00	11,83			20141231		
CE	CAISSE D'EPARGNE	132	20140220	411000	Clients			02.2014	20140220	JANSSEN	0,00	248,25	B	20140220	20141231		
CE	CAISSE D'EPARGNE	132	20140220	512100	Caisse d'épargne			02.2014	20140220	JANSSEN	248,25	0,00			20141231		
CE	CAISSE D'EPARGNE	133	20140220	646400	Rsi ava vieillesse urssaf mala			02.2014	20140220	RSI 02/2014	168,00	0,00			20141231		
CE	CAISSE D'EPARGNE	133	20140220	512100	Caisse d'épargne			02.2014	20140220	RSI 02/2014	0,00	168,00			20141231		
CE	CAISSE D'EPARGNE	134	20140221	411000	Clients			02.2014	20140221	CPAM BLOIS	0,00	663,87	K	20140228	20141231		
CE	CAISSE D'EPARGNE	134	20140221	512100	Caisse d'épargne			02.2014	20140221	CPAM BLOIS	663,87	0,00			20141231		
CE	CAISSE D'EPARGNE	135	20140222	626200	Téléphone mobile			02.2014	20140222	ORANGE Mobile 02/2014	68,45	0,00			20141231		
CE	CAISSE D'EPARGNE	135	20140222	512100	Caisse d'épargne			02.2014	20140222	ORANGE Mobile 02/2014	0,00	68,45			20141231		
CE	CAISSE D'EPARGNE	136	20140222	445660	Tva sur biens & services			02.2014	20140222	ORANGE Mobile 02/2014	13,69	0,00	A	20141231	20141231		
CE	CAISSE D'EPARGNE	136	20140222	512100	Caisse d'épargne			02.2014	20140222	ORANGE Mobile 02/2014	0,00	13,69			20141231		
CE	CAISSE D'EPARGNE	137	20140222	615500	Entretien vehicules			02.2014	20140222	EUROMASTER REVISION AP867QX	477,53	0,00			20141231		
CE	CAISSE D'EPARGNE	137	20140222	512100	Caisse d'épargne			02.2014	20140222	EUROMASTER REVISION AP867QX	0,00	477,53			20141231		
CE	CAISSE D'EPARGNE	138	20140222	445660	Tva sur biens & services			02.2014	20140222	EUROMASTER Peug AP-867-QX Révi	95,51	0,00	A	20141231	20141231		
CE	CAISSE D'EPARGNE	138	20140222	512100	Caisse d'épargne			02.2014	20140222	EUROMASTER Peug AP-867-QX Révi	0,00	95,51			20141231		
CE	CAISSE D'EPARGNE	139	20140224	411000	Clients			02.2014	20140224	MSA Berry	0,00	491,68	F	20140228	20141231		
CE	CAISSE D'EPARGNE	139	20140224	512100	Caisse d'épargne			02.2014	20140224	MSA Berry	491,68	0,00			20141231		
CE	CAISSE D'EPARGNE	140	20140224	606160	Carburant gazoil			02.2014	20140224	GO	46,55	0,00			20141231		
CE	CAISSE D'EPARGNE	140	20140224	512100	Caisse d'épargne			02.2014	20140224	GO	0,00	46,55			20141231		
CE	CAISSE D'EPARGNE	141	20140224	445660	Tva sur biens & services			02.2014	20140224	GO	9,31	0,00	A	20141231	20141231		
CE	CAISSE D'EPARGNE	141	20140224	512100	Caisse d'épargne			02.2014	20140224	GO	0,00	9,31			20141231		
CE	CAISSE D'EPARGNE	142	20140225	164502	Emprunt 8249866			02.2014	20140225	Prêt N°866 02/2014	803,46	0,00			20141231		
CE	CAISSE D'EPARGNE	142	20140225	512100	Caisse d'épargne			02.2014	20140225	Prêt N°866 02/2014	0,00	803,46			20141231		
CE	CAISSE D'EPARGNE	143	20140225	661100	Intérêts sur emprunts			02.2014	20140225	Prêt N°866 02/2014	111,36	0,00			20141231		
CE	CAISSE D'EPARGNE	143	20140225	512100	Caisse d'épargne			02.2014	20140225	Prêt N°866 02/2014	0,00	111,36			20141231		
CE	CAISSE D'EPARGNE	144	20140225	616081	Assurance décès sur emprunt			02.2014	20140225	BPCE Assurance 02/2014	81,00	0,00			20141231		
CE	CAISSE D'EPARGNE	144	20140225	512100	Caisse d'épargne			02.2014	20140225	BPCE Assurance 02/2014	0,00	81,00			20141231		
CE	CAISSE D'EPARGNE	145	20140225	616081	Assurance décès sur emprunt			02.2014	20140225	BPCE Assurance 02/2014	81,00	0,00			20141231		
CE	CAISSE D'EPARGNE	145	20140225	512100	Caisse d'épargne			02.2014	20140225	BPCE Assurance 02/2014	0,00	81,00			20141231		
CE	CAISSE D'EPARGNE	146	20140226	606160	Carburant gazoil			02.2014	20140226	GO	53,25	0,00			20141231		
CE	CAISSE D'EPARGNE	146	20140226	512100	Caisse d'épargne			02.2014	20140226	GO	0,00	53,25			20141231		
CE	CAISSE D'EPARGNE	147	20140226	445660	Tva sur biens & services			02.2014	20140226	GO	10,65	0,00	A	20141231	20141231		
CE	CAISSE D'EPARGNE	147	20140226	512100	Caisse d'épargne			02.2014	20140226	GO	0,00	10,65			20141231		
CE	CAISSE D'EPARGNE	148	20140227	672000	Charge exception sur ex ant			02.2014	20140227	LISLE AGRI SERV injonct payé 	409,43	0,00			20141231		
CE	CAISSE D'EPARGNE	148	20140227	512100	Caisse d'épargne			02.2014	20140227	LISLE AGRI SERV injonct payé 	0,00	409,43			20141231		
CE	CAISSE D'EPARGNE	149	20140227	445660	Tva sur biens & services			02.2014	20140227	LISLE  SERV injonct payé  19.6	80,25	0,00	A	20141231	20141231		
CE	CAISSE D'EPARGNE	149	20140227	512100	Caisse d'épargne			02.2014	20140227	LISLE  SERV injonct payé  19.6	0,00	80,25			20141231		
CE	CAISSE D'EPARGNE	150	20140227	622700	Frais d'actes et contentieux			02.2014	20140227	MAITRE FRERY Affaire LISLE	83,24	0,00			20141231		
CE	CAISSE D'EPARGNE	150	20140227	512100	Caisse d'épargne			02.2014	20140227	MAITRE FRERY Affaire LISLE	0,00	83,24			20141231		
CE	CAISSE D'EPARGNE	151	20140227	445660	Tva sur biens & services			02.2014	20140227	MAITRE FRERY Affaire LISLE	6,78	0,00	A	20141231	20141231		
CE	CAISSE D'EPARGNE	151	20140227	512100	Caisse d'épargne			02.2014	20140227	MAITRE FRERY Affaire LISLE	0,00	6,78			20141231		
CE	CAISSE D'EPARGNE	152	20140227	606160	Carburant gazoil			02.2014	20140227	GO	47,80	0,00			20141231		
CE	CAISSE D'EPARGNE	152	20140227	512100	Caisse d'épargne			02.2014	20140227	GO	0,00	47,80			20141231		
CE	CAISSE D'EPARGNE	153	20140227	445660	Tva sur biens & services			02.2014	20140227	GO	9,56	0,00	A	20141231	20141231		
CE	CAISSE D'EPARGNE	153	20140227	512100	Caisse d'épargne			02.2014	20140227	GO	0,00	9,56			20141231		
CE	CAISSE D'EPARGNE	154	20140301	108000	Compte de l'exploitant			03.2014	20140301	SALAIRE	600,00	0,00			20141231		
CE	CAISSE D'EPARGNE	154	20140301	512100	Caisse d'épargne			03.2014	20140301	SALAIRE	0,00	600,00			20141231		
CE	CAISSE D'EPARGNE	155	20140301	606160	Carburant gazoil			03.2014	20140301	GO	26,16	0,00			20141231		
CE	CAISSE D'EPARGNE	155	20140301	512100	Caisse d'épargne			03.2014	20140301	GO	0,00	26,16			20141231		
CE	CAISSE D'EPARGNE	156	20140301	445660	Tva sur biens & services			03.2014	20140301	GO	5,23	0,00	A	20141231	20141231		
CE	CAISSE D'EPARGNE	156	20140301	512100	Caisse d'épargne			03.2014	20140301	GO	0,00	5,23			20141231		
CE	CAISSE D'EPARGNE	157	20140301	606160	Carburant gazoil			03.2014	20140301	GO	35,44	0,00			20141231		
CE	CAISSE D'EPARGNE	157	20140301	512100	Caisse d'épargne			03.2014	20140301	GO	0,00	35,44			20141231		
CE	CAISSE D'EPARGNE	158	20140301	445660	Tva sur biens & services			03.2014	20140301	GO	7,09	0,00	A	20141231	20141231		
CE	CAISSE D'EPARGNE	158	20140301	512100	Caisse d'épargne			03.2014	20140301	GO	0,00	7,09			20141231		
CE	CAISSE D'EPARGNE	159	20140304	626200	Téléphone mobile			03.2014	20140304	ORANGE Mobile 02/2014	13,20	0,00			20141231		
CE	CAISSE D'EPARGNE	159	20140304	512100	Caisse d'épargne			03.2014	20140304	ORANGE Mobile 02/2014	0,00	13,20			20141231		
CE	CAISSE D'EPARGNE	160	20140304	445660	Tva sur biens & services			03.2014	20140304	ORANGE Mobile 02/2014	2,64	0,00	A	20141231	20141231		
CE	CAISSE D'EPARGNE	160	20140304	512100	Caisse d'épargne			03.2014	20140304	ORANGE Mobile 02/2014	0,00	2,64			20141231		
CE	CAISSE D'EPARGNE	161	20140304	411200	Client Bonin			03.2014	20140304	MFP BONIN ALAIN FEVRIER	0,00	809,34	B	20140317	20141231		
CE	CAISSE D'EPARGNE	161	20140304	512100	Caisse d'épargne			03.2014	20140304	MFP BONIN ALAIN FEVRIER	809,34	0,00			20141231		
CE	CAISSE D'EPARGNE	162	20140305	606160	Carburant gazoil			03.2014	20140305	GO	66,39	0,00			20141231		
CE	CAISSE D'EPARGNE	162	20140305	512100	Caisse d'épargne			03.2014	20140305	GO	0,00	66,39			20141231		
CE	CAISSE D'EPARGNE	163	20140305	445660	Tva sur biens & services			03.2014	20140305	GO	13,28	0,00	A	20141231	20141231		
CE	CAISSE D'EPARGNE	163	20140305	512100	Caisse d'épargne			03.2014	20140305	GO	0,00	13,28			20141231		
CE	CAISSE D'EPARGNE	164	20140306	411000	Clients			03.2014	20140306	MSA Berry	0,00	430,19	E	20140331	20141231		
CE	CAISSE D'EPARGNE	164	20140306	512100	Caisse d'épargne			03.2014	20140306	MSA Berry	430,19	0,00			20141231		
CE	CAISSE D'EPARGNE	165	20140306	606160	Carburant gazoil			03.2014	20140306	GO	54,22	0,00			20141231		
CE	CAISSE D'EPARGNE	165	20140306	512100	Caisse d'épargne			03.2014	20140306	GO	0,00	54,22			20141231		
CE	CAISSE D'EPARGNE	166	20140306	445660	Tva sur biens & services			03.2014	20140306	GO	10,84	0,00	A	20141231	20141231		
CE	CAISSE D'EPARGNE	166	20140306	512100	Caisse d'épargne			03.2014	20140306	GO	0,00	10,84			20141231		
CE	CAISSE D'EPARGNE	167	20140306	411000	Clients			03.2014	20140306	CPAM	0,00	1069,16	AP	20140331	20141231		
CE	CAISSE D'EPARGNE	167	20140306	512100	Caisse d'épargne			03.2014	20140306	CPAM	1069,16	0,00			20141231		
CE	CAISSE D'EPARGNE	168	20140307	606160	Carburant gazoil			03.2014	20140307	GO	58,47	0,00			20141231		
CE	CAISSE D'EPARGNE	168	20140307	512100	Caisse d'épargne			03.2014	20140307	GO	0,00	58,47			20141231		
CE	CAISSE D'EPARGNE	169	20140307	445660	Tva sur biens & services			03.2014	20140307	GO	11,70	0,00	A	20141231	20141231		
CE	CAISSE D'EPARGNE	169	20140307	512100	Caisse d'épargne			03.2014	20140307	GO	0,00	11,70			20141231		
CE	CAISSE D'EPARGNE	170	20140310	613500	Location adresse electronique			03.2014	20140310	LOCAM 03/2014	88,00	0,00			20141231		
CE	CAISSE D'EPARGNE	170	20140310	512100	Caisse d'épargne			03.2014	20140310	LOCAM 03/2014	0,00	88,00			20141231		
CE	CAISSE D'EPARGNE	171	20140310	445660	Tva sur biens & services			03.2014	20140310	LOCAM 03/2014	17,60	0,00	A	20141231	20141231		
CE	CAISSE D'EPARGNE	171	20140310	512100	Caisse d'épargne			03.2014	20140310	LOCAM 03/2014	0,00	17,60			20141231		
CE	CAISSE D'EPARGNE	172	20140311	606160	Carburant gazoil			03.2014	20140311	GO	42,73	0,00			20141231		
CE	CAISSE D'EPARGNE	172	20140311	512100	Caisse d'épargne			03.2014	20140311	GO	0,00	42,73			20141231		
CE	CAISSE D'EPARGNE	173	20140311	445660	Tva sur biens & services			03.2014	20140311	GO	8,55	0,00	A	20141231	20141231		
CE	CAISSE D'EPARGNE	173	20140311	512100	Caisse d'épargne			03.2014	20140311	GO	0,00	8,55			20141231		
CE	CAISSE D'EPARGNE	174	20140312	411000	Clients			03.2014	20140312	CPAM	0,00	494,59	AO	20140331	20141231		
CE	CAISSE D'EPARGNE	174	20140312	512100	Caisse d'épargne			03.2014	20140312	CPAM	494,59	0,00			20141231		
CE	CAISSE D'EPARGNE	175	20140313	411000	Clients			03.2014	20140313	MSA Berry	0,00	368,73	E	20140331	20141231		
CE	CAISSE D'EPARGNE	175	20140313	512100	Caisse d'épargne			03.2014	20140313	MSA Berry	368,73	0,00			20141231		
CE	CAISSE D'EPARGNE	176	20140313	606160	Carburant gazoil			03.2014	20140313	GO	40,78	0,00			20141231		
CE	CAISSE D'EPARGNE	176	20140313	512100	Caisse d'épargne			03.2014	20140313	GO	0,00	40,78			20141231		
CE	CAISSE D'EPARGNE	177	20140313	445660	Tva sur biens & services			03.2014	20140313	GO	8,16	0,00	A	20141231	20141231		
CE	CAISSE D'EPARGNE	177	20140313	512100	Caisse d'épargne			03.2014	20140313	GO	0,00	8,16			20141231		
CE	CAISSE D'EPARGNE	178	20140314	411000	Clients			03.2014	20140314	CPAM	0,00	570,98	D	20140314	20141231		
CE	CAISSE D'EPARGNE	178	20140314	512100	Caisse d'épargne			03.2014	20140314	CPAM	570,98	0,00			20141231		
CE	CAISSE D'EPARGNE	179	20140314	606160	Carburant gazoil			03.2014	20140314	GO	31,06	0,00			20141231		
CE	CAISSE D'EPARGNE	179	20140314	512100	Caisse d'épargne			03.2014	20140314	GO	0,00	31,06			20141231		
CE	CAISSE D'EPARGNE	180	20140314	445660	Tva sur biens & services			03.2014	20140314	GO	6,21	0,00	A	20141231	20141231		
CE	CAISSE D'EPARGNE	180	20140314	512100	Caisse d'épargne			03.2014	20140314	GO	0,00	6,21			20141231		
CE	CAISSE D'EPARGNE	181	20140315	164503	Emprunt 8257883			03.2014	20140315	Prêt N° 883 03/2014	171,03	0,00			20141231		
CE	CAISSE D'EPARGNE	181	20140315	512100	Caisse d'épargne			03.2014	20140315	Prêt N° 883 03/2014	0,00	171,03			20141231		
CE	CAISSE D'EPARGNE	182	20140315	661100	Intérêts sur emprunts			03.2014	20140315	Prêt N° 883 03/2014	13,65	0,00			20141231		
CE	CAISSE D'EPARGNE	182	20140315	512100	Caisse d'épargne			03.2014	20140315	Prêt N° 883 03/2014	0,00	13,65			20141231		
CE	CAISSE D'EPARGNE	183	20140315	615500	Entretien vehicules			03.2014	20140315	EQUIPAUTO BATTERIE+HUILE+FILTRES	304,65	0,00			20141231		
CE	CAISSE D'EPARGNE	183	20140315	512100	Caisse d'épargne			03.2014	20140315	EQUIPAUTO BATTERIE+HUILE+FILTRES	0,00	304,65			20141231		
CE	CAISSE D'EPARGNE	184	20140315	445660	Tva sur biens & services			03.2014	20140315	EQUIPAUTO BATTERIE+HUILE+FILTRES	60,93	0,00	A	20141231	20141231		
CE	CAISSE D'EPARGNE	184	20140315	512100	Caisse d'épargne			03.2014	20140315	EQUIPAUTO BATTERIE+HUILE+FILTRES	0,00	60,93			20141231		
CE	CAISSE D'EPARGNE	185	20140315	606300	Fournitures petits équipements			03.2014	20140315	EQUIPAUTO PLAQUE IMMAT 4601SA41	13,58	0,00			20141231		
CE	CAISSE D'EPARGNE	185	20140315	512100	Caisse d'épargne			03.2014	20140315	EQUIPAUTO PLAQUE IMMAT 4601SA41	0,00	13,58			20141231		
CE	CAISSE D'EPARGNE	186	20140315	445660	Tva sur biens & services			03.2014	20140315	EQUIPAUTO Jeu plaque	2,72	0,00	A	20141231	20141231		
CE	CAISSE D'EPARGNE	186	20140315	512100	Caisse d'épargne			03.2014	20140315	EQUIPAUTO Jeu plaque	0,00	2,72			20141231		
CE	CAISSE D'EPARGNE	187	20140315	627800	Autres services bancaires			03.2014	20140315	Frais dossier sur découvert	36,30	0,00			20141231		
CE	CAISSE D'EPARGNE	187	20140315	512100	Caisse d'épargne			03.2014	20140315	Frais dossier sur découvert	0,00	36,30			20141231		
CE	CAISSE D'EPARGNE	188	20140317	615500	Entretien vehicules			03.2014	20140317	SNVRA DIV PIECES EMBRAYAGES ARBRE	2000,99	0,00			20141231		
CE	CAISSE D'EPARGNE	188	20140317	512100	Caisse d'épargne			03.2014	20140317	SNVRA DIV PIECES EMBRAYAGES ARBRE	0,00	2000,99			20141231		
CE	CAISSE D'EPARGNE	189	20140317	445660	Tva sur biens & services			03.2014	20140317	SNVRA DIV PIECES EMBRAYAGES ARBRE	400,20	0,00	A	20141231	20141231		
CE	CAISSE D'EPARGNE	189	20140317	512100	Caisse d'épargne			03.2014	20140317	SNVRA DIV PIECES EMBRAYAGES ARBRE	0,00	400,20			20141231		
CE	CAISSE D'EPARGNE	190	20140317	411200	Client Bonin			03.2014	20140317	MFP BONIN ALAIN FEVRIER	0,00	597,27	B	20140317	20141231		
CE	CAISSE D'EPARGNE	190	20140317	512100	Caisse d'épargne			03.2014	20140317	MFP BONIN ALAIN FEVRIER	597,27	0,00			20141231		
CE	CAISSE D'EPARGNE	191	20140319	616081	Assurance décès sur emprunt			03.2014	20140319	BPCE ASS 03/2014	81,00	0,00			20141231		
CE	CAISSE D'EPARGNE	191	20140319	512100	Caisse d'épargne			03.2014	20140319	BPCE ASS 03/2014	0,00	81,00			20141231		
CE	CAISSE D'EPARGNE	192	20140319	411000	Clients			03.2014	20140319	JANSSEN	0,00	248,25	C	20140319	20141231		
CE	CAISSE D'EPARGNE	192	20140319	512100	Caisse d'épargne			03.2014	20140319	JANSSEN	248,25	0,00			20141231		
CE	CAISSE D'EPARGNE	193	20140320	164500	Emprunt 8234663			03.2014	20140320	Prêt N°663 03/2014	365,76	0,00			20141231		
CE	CAISSE D'EPARGNE	193	20140320	512100	Caisse d'épargne			03.2014	20140320	Prêt N°663 03/2014	0,00	365,76			20141231		
CE	CAISSE D'EPARGNE	194	20140320	661100	Intérêts sur emprunts			03.2014	20140320	Prêt N°663 03/2014	44,29	0,00			20141231		
CE	CAISSE D'EPARGNE	194	20140320	512100	Caisse d'épargne			03.2014	20140320	Prêt N°663 03/2014	0,00	44,29			20141231		
CE	CAISSE D'EPARGNE	195	20140320	625100	Voyages et déplacements			03.2014	20140320	VINCI 02/2014	54,99	0,00			20141231		
CE	CAISSE D'EPARGNE	195	20140320	512100	Caisse d'épargne			03.2014	20140320	VINCI 02/2014	0,00	54,99			20141231		
CE	CAISSE D'EPARGNE	196	20140320	445660	Tva sur biens & services			03.2014	20140320	VINCI 02/2014	11,00	0,00	A	20141231	20141231		
CE	CAISSE D'EPARGNE	196	20140320	512100	Caisse d'épargne			03.2014	20140320	VINCI 02/2014	0,00	11,00			20141231		
CE	CAISSE D'EPARGNE	197	20140320	606160	Carburant gazoil			03.2014	20140320	GO	54,06	0,00			20141231		
CE	CAISSE D'EPARGNE	197	20140320	512100	Caisse d'épargne			03.2014	20140320	GO	0,00	54,06			20141231		
CE	CAISSE D'EPARGNE	198	20140320	445660	Tva sur biens & services			03.2014	20140320	GO	10,81	0,00	A	20141231	20141231		
CE	CAISSE D'EPARGNE	198	20140320	512100	Caisse d'épargne			03.2014	20140320	GO	0,00	10,81			20141231		
CE	CAISSE D'EPARGNE	199	20140321	646400	Rsi ava vieillesse urssaf mala			03.2014	20140321	RSI 03/2014	168,00	0,00			20141231		
CE	CAISSE D'EPARGNE	199	20140321	512100	Caisse d'épargne			03.2014	20140321	RSI 03/2014	0,00	168,00			20141231		
CE	CAISSE D'EPARGNE	200	20140321	401000	Fournisseurs	FCOFIR	Cofiroute	03.2014	20140321	COFIROUTE	0,00	30,00	A	20140321	20141231		
CE	CAISSE D'EPARGNE	200	20140321	512100	Caisse d'épargne			03.2014	20140321	COFIROUTE	30,00	0,00			20141231		
CE	CAISSE D'EPARGNE	201	20140322	626200	Téléphone mobile			03.2014	20140322	ORANGE 03/2014	67,55	0,00			20141231		
CE	CAISSE D'EPARGNE	201	20140322	512100	Caisse d'épargne			03.2014	20140322	ORANGE 03/2014	0,00	67,55			20141231		
CE	CAISSE D'EPARGNE	202	20140322	445660	Tva sur biens & services			03.2014	20140322	ORANGE 03/2014	13,51	0,00	A	20141231	20141231		
CE	CAISSE D'EPARGNE	202	20140322	512100	Caisse d'épargne			03.2014	20140322	ORANGE 03/2014	0,00	13,51			20141231		
CE	CAISSE D'EPARGNE	203	20140324	411000	Clients			03.2014	20140324	MUTUELLE GENERALE SANTE	0,00	136,22	E	20140331	20141231		
CE	CAISSE D'EPARGNE	203	20140324	512100	Caisse d'épargne			03.2014	20140324	MUTUELLE GENERALE SANTE	136,22	0,00			20141231		
CE	CAISSE D'EPARGNE	204	20140324	606160	Carburant gazoil			03.2014	20140324	GO	32,56	0,00			20141231		
CE	CAISSE D'EPARGNE	204	20140324	512100	Caisse d'épargne			03.2014	20140324	GO	0,00	32,56			20141231		
CE	CAISSE D'EPARGNE	205	20140324	445660	Tva sur biens & services			03.2014	20140324	GO	6,51	0,00	A	20141231	20141231		
CE	CAISSE D'EPARGNE	205	20140324	512100	Caisse d'épargne			03.2014	20140324	GO	0,00	6,51			20141231		
CE	CAISSE D'EPARGNE	206	20140325	164502	Emprunt 8249866			03.2014	20140325	Prêt N°866 03/2014	805,43	0,00			20141231		
CE	CAISSE D'EPARGNE	206	20140325	512100	Caisse d'épargne			03.2014	20140325	Prêt N°866 03/2014	0,00	805,43			20141231		
CE	CAISSE D'EPARGNE	207	20140325	661100	Intérêts sur emprunts			03.2014	20140325	Prêt N°866 03/2014	109,39	0,00			20141231		
CE	CAISSE D'EPARGNE	207	20140325	512100	Caisse d'épargne			03.2014	20140325	Prêt N°866 03/2014	0,00	109,39			20141231		
CE	CAISSE D'EPARGNE	208	20140325	626100	Affranchissement			03.2014	20140325	LA POSTE Timbres 	93,60	0,00			20141231		
CE	CAISSE D'EPARGNE	208	20140325	512100	Caisse d'épargne			03.2014	20140325	LA POSTE Timbres 	0,00	93,60			20141231		
CE	CAISSE D'EPARGNE	209	20140325	627800	Autres services bancaires			03.2014	20140325	Rétrocession comm 2013	0,00	3,24			20141231		
CE	CAISSE D'EPARGNE	209	20140325	512100	Caisse d'épargne			03.2014	20140325	Rétrocession comm 2013	3,24	0,00			20141231		
CE	CAISSE D'EPARGNE	210	20140325	625100	Voyages et déplacements			03.2014	20140325	Péage	1,50	0,00			20141231		
CE	CAISSE D'EPARGNE	210	20140325	512100	Caisse d'épargne			03.2014	20140325	Péage	0,00	1,50			20141231		
CE	CAISSE D'EPARGNE	211	20140325	445660	Tva sur biens & services			03.2014	20140325	Péage	0,30	0,00	A	20141231	20141231		
CE	CAISSE D'EPARGNE	211	20140325	512100	Caisse d'épargne			03.2014	20140325	Péage	0,00	0,30			20141231		
CE	CAISSE D'EPARGNE	212	20140326	606300	Fournitures petits équipements			03.2014	20140326	DELTA Carbrill	83,75	0,00			20141231		
CE	CAISSE D'EPARGNE	212	20140326	512100	Caisse d'épargne			03.2014	20140326	DELTA Carbrill	0,00	83,75			20141231		
CE	CAISSE D'EPARGNE	213	20140326	445660	Tva sur biens & services			03.2014	20140326	DELTA Carbrill	16,75	0,00	A	20141231	20141231		
CE	CAISSE D'EPARGNE	213	20140326	512100	Caisse d'épargne			03.2014	20140326	DELTA Carbrill	0,00	16,75			20141231		
CE	CAISSE D'EPARGNE	214	20140326	445500	Tva a décaisser			03.2014	20140326	TVA Février chequ 292	44,00	0,00	A	20140326	20141231		
CE	CAISSE D'EPARGNE	214	20140326	512100	Caisse d'épargne			03.2014	20140326	TVA Février chequ 292	0,00	44,00			20141231		
CE	CAISSE D'EPARGNE	215	20140326	606160	Carburant gazoil			03.2014	20140326	GO	47,93	0,00			20141231		
CE	CAISSE D'EPARGNE	215	20140326	512100	Caisse d'épargne			03.2014	20140326	GO	0,00	47,93			20141231		
CE	CAISSE D'EPARGNE	216	20140326	445660	Tva sur biens & services			03.2014	20140326	GO	9,59	0,00	A	20141231	20141231		
CE	CAISSE D'EPARGNE	216	20140326	512100	Caisse d'épargne			03.2014	20140326	GO	0,00	9,59			20141231		
CE	CAISSE D'EPARGNE	217	20140327	411000	Clients			03.2014	20140327	RAM 	0,00	747,91	AS	20140630	20141231		
CE	CAISSE D'EPARGNE	217	20140327	512100	Caisse d'épargne			03.2014	20140327	RAM 	747,91	0,00			20141231		
CE	CAISSE D'EPARGNE	218	20140327	606160	Carburant gazoil			03.2014	20140327	GO	57,93	0,00			20141231		
CE	CAISSE D'EPARGNE	218	20140327	512100	Caisse d'épargne			03.2014	20140327	GO	0,00	57,93			20141231		
CE	CAISSE D'EPARGNE	219	20140327	445660	Tva sur biens & services			03.2014	20140327	GO	11,59	0,00	A	20141231	20141231		
CE	CAISSE D'EPARGNE	219	20140327	512100	Caisse d'épargne			03.2014	20140327	GO	0,00	11,59			20141231		
CE	CAISSE D'EPARGNE	220	20140328	628101	Cotisations			03.2014	20140328	CGA Cotisation 2014	260,00	0,00			20141231		
CE	CAISSE D'EPARGNE	220	20140328	512100	Caisse d'épargne			03.2014	20140328	CGA Cotisation 2014	0,00	260,00			20141231		
CE	CAISSE D'EPARGNE	221	20140328	445660	Tva sur biens & services			03.2014	20140328	CGA Cotisation 2014	52,00	0,00	A	20141231	20141231		
CE	CAISSE D'EPARGNE	221	20140328	512100	Caisse d'épargne			03.2014	20140328	CGA Cotisation 2014	0,00	52,00			20141231		
CE	CAISSE D'EPARGNE	222	20140331	606160	Carburant gazoil			03.2014	20140331	GO	27,67	0,00			20141231		
CE	CAISSE D'EPARGNE	222	20140331	512100	Caisse d'épargne			03.2014	20140331	GO	0,00	27,67			20141231		
CE	CAISSE D'EPARGNE	223	20140331	445660	Tva sur biens & services			03.2014	20140331	GO	5,53	0,00	A	20141231	20141231		
CE	CAISSE D'EPARGNE	223	20140331	512100	Caisse d'épargne			03.2014	20140331	GO	0,00	5,53			20141231		
CE	CAISSE D'EPARGNE	224	20140401	108000	Compte de l'exploitant			04.2014	20140401	SALAIRE	600,00	0,00			20141231		
CE	CAISSE D'EPARGNE	224	20140401	512100	Caisse d'épargne			04.2014	20140401	SALAIRE	0,00	600,00			20141231		
CE	CAISSE D'EPARGNE	225	20140401	626200	Téléphone mobile			04.2014	20140401	ORANGE Mobile Mars 	5,30	0,00			20141231		
CE	CAISSE D'EPARGNE	225	20140401	512100	Caisse d'épargne			04.2014	20140401	ORANGE Mobile Mars 	0,00	5,30			20141231		
CE	CAISSE D'EPARGNE	226	20140401	445660	Tva sur biens & services			04.2014	20140401	ORANGE Mobile Mars 	1,06	0,00	A	20141231	20141231		
CE	CAISSE D'EPARGNE	226	20140401	512100	Caisse d'épargne			04.2014	20140401	ORANGE Mobile Mars 	0,00	1,06			20141231		
CE	CAISSE D'EPARGNE	227	20140401	411200	Client Bonin			04.2014	20140401	MFP BONIN ALAIN Mars	0,00	398,18	F	20140401	20141231		
CE	CAISSE D'EPARGNE	227	20140401	512100	Caisse d'épargne			04.2014	20140401	MFP BONIN ALAIN Mars	398,18	0,00			20141231		
CE	CAISSE D'EPARGNE	228	20140401	768000	Autres produits financiers			04.2014	20140401	INTERETS CREDITEURS 1T2014	0,00	4,31			20141231		
CE	CAISSE D'EPARGNE	228	20140401	512100	Caisse d'épargne			04.2014	20140401	INTERETS CREDITEURS 1T2014	4,31	0,00			20141231		
CE	CAISSE D'EPARGNE	229	20140401	627800	Autres services bancaires			04.2014	20140401	COMMISSION FONCT 1T2014	10,24	0,00			20141231		
CE	CAISSE D'EPARGNE	229	20140401	512100	Caisse d'épargne			04.2014	20140401	COMMISSION FONCT 1T2014	0,00	10,24			20141231		
CE	CAISSE D'EPARGNE	230	20140402	606160	Carburant gazoil			04.2014	20140402	GO	22,18	0,00			20141231		
CE	CAISSE D'EPARGNE	230	20140402	512100	Caisse d'épargne			04.2014	20140402	GO	0,00	22,18			20141231		
CE	CAISSE D'EPARGNE	231	20140402	445660	Tva sur biens & services			04.2014	20140402	GO	4,43	0,00	A	20141231	20141231		
CE	CAISSE D'EPARGNE	231	20140402	512100	Caisse d'épargne			04.2014	20140402	GO	0,00	4,43			20141231		
CE	CAISSE D'EPARGNE	232	20140403	606160	Carburant gazoil			04.2014	20140403	GO	58,53	0,00			20141231		
CE	CAISSE D'EPARGNE	232	20140403	512100	Caisse d'épargne			04.2014	20140403	GO	0,00	58,53			20141231		
CE	CAISSE D'EPARGNE	233	20140403	445660	Tva sur biens & services			04.2014	20140403	GO	11,71	0,00	A	20141231	20141231		
CE	CAISSE D'EPARGNE	233	20140403	512100	Caisse d'épargne			04.2014	20140403	GO	0,00	11,71			20141231		
CE	CAISSE D'EPARGNE	234	20140404	606160	Carburant gazoil			04.2014	20140404	GO	34,45	0,00			20141231		
CE	CAISSE D'EPARGNE	234	20140404	512100	Caisse d'épargne			04.2014	20140404	GO	0,00	34,45			20141231		
CE	CAISSE D'EPARGNE	235	20140404	445660	Tva sur biens & services			04.2014	20140404	GO	6,89	0,00	A	20141231	20141231		
CE	CAISSE D'EPARGNE	235	20140404	512100	Caisse d'épargne			04.2014	20140404	GO	0,00	6,89			20141231		
CE	CAISSE D'EPARGNE	236	20140405	615500	Entretien vehicules			04.2014	20140405	AUTOREPAR CLIMATISATION 4601SA41	66,97	0,00			20141231		
CE	CAISSE D'EPARGNE	236	20140405	512100	Caisse d'épargne			04.2014	20140405	AUTOREPAR CLIMATISATION 4601SA41	0,00	66,97			20141231		
CE	CAISSE D'EPARGNE	237	20140405	445660	Tva sur biens & services			04.2014	20140405	AUTOREPAR Clim 4601SA41	13,39	0,00	A	20141231	20141231		
CE	CAISSE D'EPARGNE	237	20140405	512100	Caisse d'épargne			04.2014	20140405	AUTOREPAR Clim 4601SA41	0,00	13,39			20141231		
CE	CAISSE D'EPARGNE	238	20140405	606160	Carburant gazoil			04.2014	20140405	GO	68,64	0,00			20141231		
CE	CAISSE D'EPARGNE	238	20140405	512100	Caisse d'épargne			04.2014	20140405	GO	0,00	68,64			20141231		
CE	CAISSE D'EPARGNE	239	20140405	445660	Tva sur biens & services			04.2014	20140405	GO	13,73	0,00	A	20141231	20141231		
CE	CAISSE D'EPARGNE	239	20140405	512100	Caisse d'épargne			04.2014	20140405	GO	0,00	13,73			20141231		
CE	CAISSE D'EPARGNE	240	20140405	606160	Carburant gazoil			04.2014	20140405	GO	33,25	0,00			20141231		
CE	CAISSE D'EPARGNE	240	20140405	512100	Caisse d'épargne			04.2014	20140405	GO	0,00	33,25			20141231		
CE	CAISSE D'EPARGNE	241	20140405	445660	Tva sur biens & services			04.2014	20140405	GO	6,65	0,00	A	20141231	20141231		
CE	CAISSE D'EPARGNE	241	20140405	512100	Caisse d'épargne			04.2014	20140405	GO	0,00	6,65			20141231		
CE	CAISSE D'EPARGNE	242	20140408	625100	Voyages et déplacements			04.2014	20140408	BUFFALO 2 REPAS	66,64	0,00			20141231		
CE	CAISSE D'EPARGNE	242	20140408	512100	Caisse d'épargne			04.2014	20140408	BUFFALO 2 REPAS	0,00	66,64			20141231		
CE	CAISSE D'EPARGNE	243	20140408	445660	Tva sur biens & services			04.2014	20140408	BUFFALO 2 REPAS 10%	6,66	0,00	A	20141231	20141231		
CE	CAISSE D'EPARGNE	243	20140408	512100	Caisse d'épargne			04.2014	20140408	BUFFALO 2 REPAS 10%	0,00	6,66			20141231		
CE	CAISSE D'EPARGNE	244	20140408	615500	Entretien vehicules			04.2014	20140408	SNVRA POMPE A EAU+EMBRAYAGE	349,90	0,00			20141231		
CE	CAISSE D'EPARGNE	244	20140408	512100	Caisse d'épargne			04.2014	20140408	SNVRA POMPE A EAU+EMBRAYAGE	0,00	349,90			20141231		
CE	CAISSE D'EPARGNE	245	20140408	445660	Tva sur biens & services			04.2014	20140408	SNVRA POMPE A EAU+EMBRAYAGE	69,98	0,00	A	20141231	20141231		
CE	CAISSE D'EPARGNE	245	20140408	512100	Caisse d'épargne			04.2014	20140408	SNVRA POMPE A EAU+EMBRAYAGE	0,00	69,98			20141231		
CE	CAISSE D'EPARGNE	246	20140410	613500	Location adresse electronique			04.2014	20140410	LOCAM 04/2014	88,00	0,00			20141231		
CE	CAISSE D'EPARGNE	246	20140410	512100	Caisse d'épargne			04.2014	20140410	LOCAM 04/2014	0,00	88,00			20141231		
CE	CAISSE D'EPARGNE	247	20140410	445660	Tva sur biens & services			04.2014	20140410	LOCAM 04/2014	17,60	0,00	A	20141231	20141231		
CE	CAISSE D'EPARGNE	247	20140410	512100	Caisse d'épargne			04.2014	20140410	LOCAM 04/2014	0,00	17,60			20141231		
CE	CAISSE D'EPARGNE	248	20140410	606160	Carburant gazoil			04.2014	20140410	GO	21,82	0,00			20141231		
CE	CAISSE D'EPARGNE	248	20140410	512100	Caisse d'épargne			04.2014	20140410	GO	0,00	21,82			20141231		
CE	CAISSE D'EPARGNE	249	20140410	445660	Tva sur biens & services			04.2014	20140410	GO	4,36	0,00	A	20141231	20141231		
CE	CAISSE D'EPARGNE	249	20140410	512100	Caisse d'épargne			04.2014	20140410	GO	0,00	4,36			20141231		
CE	CAISSE D'EPARGNE	250	20140411	606160	Carburant gazoil			04.2014	20140411	GO	20,26	0,00			20141231		
CE	CAISSE D'EPARGNE	250	20140411	512100	Caisse d'épargne			04.2014	20140411	GO	0,00	20,26			20141231		
CE	CAISSE D'EPARGNE	251	20140411	445660	Tva sur biens & services			04.2014	20140411	GO	4,05	0,00	A	20141231	20141231		
CE	CAISSE D'EPARGNE	251	20140411	512100	Caisse d'épargne			04.2014	20140411	GO	0,00	4,05			20141231		
CE	CAISSE D'EPARGNE	252	20140414	411000	Clients			04.2014	20140414	MSA BERRY	0,00	1849,91	P	20140430	20141231		
CE	CAISSE D'EPARGNE	252	20140414	512100	Caisse d'épargne			04.2014	20140414	MSA BERRY	1849,91	0,00			20141231		
CE	CAISSE D'EPARGNE	253	20140414	411000	Clients			04.2014	20140414	CPAM BLOIS	0,00	1862,08	M	20140430	20141231		
CE	CAISSE D'EPARGNE	253	20140414	512100	Caisse d'épargne			04.2014	20140414	CPAM BLOIS	1862,08	0,00			20141231		
CE	CAISSE D'EPARGNE	254	20140414	606160	Carburant gazoil			04.2014	20140414	GO	53,46	0,00			20141231		
CE	CAISSE D'EPARGNE	254	20140414	512100	Caisse d'épargne			04.2014	20140414	GO	0,00	53,46			20141231		
CE	CAISSE D'EPARGNE	255	20140414	445660	Tva sur biens & services			04.2014	20140414	GO	10,69	0,00	A	20141231	20141231		
CE	CAISSE D'EPARGNE	255	20140414	512100	Caisse d'épargne			04.2014	20140414	GO	0,00	10,69			20141231		
CE	CAISSE D'EPARGNE	256	20140415	164503	Emprunt 8257883			04.2014	20140415	Prêt N°883 04/2014	171,35	0,00			20141231		
CE	CAISSE D'EPARGNE	256	20140415	512100	Caisse d'épargne			04.2014	20140415	Prêt N°883 04/2014	0,00	171,35			20141231		
CE	CAISSE D'EPARGNE	257	20140415	661100	Intérêts sur emprunts			04.2014	20140415	Prêt N°883 04/2014	13,33	0,00			20141231		
CE	CAISSE D'EPARGNE	257	20140415	512100	Caisse d'épargne			04.2014	20140415	Prêt N°883 04/2014	0,00	13,33			20141231		
CE	CAISSE D'EPARGNE	258	20140415	606160	Carburant gazoil			04.2014	20140415	GO	69,50	0,00			20141231		
CE	CAISSE D'EPARGNE	258	20140415	512100	Caisse d'épargne			04.2014	20140415	GO	0,00	69,50			20141231		
CE	CAISSE D'EPARGNE	259	20140415	445660	Tva sur biens & services			04.2014	20140415	GO	13,90	0,00	A	20141231	20141231		
CE	CAISSE D'EPARGNE	259	20140415	512100	Caisse d'épargne			04.2014	20140415	GO	0,00	13,90			20141231		
CE	CAISSE D'EPARGNE	260	20140416	616081	Assurance décès sur emprunt			04.2014	20140416	BPCE ASS 04/2014	81,00	0,00			20141231		
CE	CAISSE D'EPARGNE	260	20140416	512100	Caisse d'épargne			04.2014	20140416	BPCE ASS 04/2014	0,00	81,00			20141231		
CE	CAISSE D'EPARGNE	261	20140416	606160	Carburant gazoil			04.2014	20140416	GO	24,65	0,00			20141231		
CE	CAISSE D'EPARGNE	261	20140416	512100	Caisse d'épargne			04.2014	20140416	GO	0,00	24,65			20141231		
CE	CAISSE D'EPARGNE	262	20140416	445660	Tva sur biens & services			04.2014	20140416	GO	4,93	0,00	A	20141231	20141231		
CE	CAISSE D'EPARGNE	262	20140416	512100	Caisse d'épargne			04.2014	20140416	GO	0,00	4,93			20141231		
CE	CAISSE D'EPARGNE	263	20140418	625100	Voyages et déplacements			04.2014	20140418	Péages	11,34	0,00			20141231		
CE	CAISSE D'EPARGNE	263	20140418	512100	Caisse d'épargne			04.2014	20140418	Péages	0,00	11,34			20141231		
CE	CAISSE D'EPARGNE	264	20140418	445660	Tva sur biens & services			04.2014	20140418	Péages	2,26	0,00	A	20141231	20141231		
CE	CAISSE D'EPARGNE	264	20140418	512100	Caisse d'épargne			04.2014	20140418	Péages	0,00	2,26			20141231		
CE	CAISSE D'EPARGNE	265	20140419	606160	Carburant gazoil			04.2014	20140419	GO	31,03	0,00			20141231		
CE	CAISSE D'EPARGNE	265	20140419	512100	Caisse d'épargne			04.2014	20140419	GO	0,00	31,03			20141231		
CE	CAISSE D'EPARGNE	266	20140419	445660	Tva sur biens & services			04.2014	20140419	GO	6,21	0,00	A	20141231	20141231		
CE	CAISSE D'EPARGNE	266	20140419	512100	Caisse d'épargne			04.2014	20140419	GO	0,00	6,21			20141231		
CE	CAISSE D'EPARGNE	267	20140422	164500	Emprunt 8234663			04.2014	20140422	Prêt N°663 04/2014	366,57	0,00			20141231		
CE	CAISSE D'EPARGNE	267	20140422	512100	Caisse d'épargne			04.2014	20140422	Prêt N°663 04/2014	0,00	366,57			20141231		
CE	CAISSE D'EPARGNE	268	20140422	661100	Intérêts sur emprunts			04.2014	20140422	Prêt N°663 04/2014	43,48	0,00			20141231		
CE	CAISSE D'EPARGNE	268	20140422	512100	Caisse d'épargne			04.2014	20140422	Prêt N°663 04/2014	0,00	43,48			20141231		
CE	CAISSE D'EPARGNE	269	20140422	615500	Entretien vehicules			04.2014	20140422	ESPACE AUTO CABLE VOLET AIR 4601SA41	205,46	0,00			20141231		
CE	CAISSE D'EPARGNE	269	20140422	512100	Caisse d'épargne			04.2014	20140422	ESPACE AUTO CABLE VOLET AIR 4601SA41	0,00	205,46			20141231		
CE	CAISSE D'EPARGNE	270	20140422	445660	Tva sur biens & services			04.2014	20140422	ESPACE AUTO Cable 4601SA41	41,09	0,00	A	20141231	20141231		
CE	CAISSE D'EPARGNE	270	20140422	512100	Caisse d'épargne			04.2014	20140422	ESPACE AUTO Cable 4601SA41	0,00	41,09			20141231		
CE	CAISSE D'EPARGNE	271	20140423	626200	Téléphone mobile			04.2014	20140423	ORANGE Mobile 04/2014	69,85	0,00			20141231		
CE	CAISSE D'EPARGNE	271	20140423	512100	Caisse d'épargne			04.2014	20140423	ORANGE Mobile 04/2014	0,00	69,85			20141231		
CE	CAISSE D'EPARGNE	272	20140423	445660	Tva sur biens & services			04.2014	20140423	ORANGE Mobile 04/2014	13,97	0,00	A	20141231	20141231		
CE	CAISSE D'EPARGNE	272	20140423	512100	Caisse d'épargne			04.2014	20140423	ORANGE Mobile 04/2014	0,00	13,97			20141231		
CE	CAISSE D'EPARGNE	273	20140423	646400	Rsi ava vieillesse urssaf mala			04.2014	20140423	RSI 04/2014	168,00	0,00			20141231		
CE	CAISSE D'EPARGNE	273	20140423	512100	Caisse d'épargne			04.2014	20140423	RSI 04/2014	0,00	168,00			20141231		
CE	CAISSE D'EPARGNE	274	20140423	625100	Voyages et déplacements			04.2014	20140423	VINCI Mars	115,00	0,00			20141231		
CE	CAISSE D'EPARGNE	274	20140423	512100	Caisse d'épargne			04.2014	20140423	VINCI Mars	0,00	115,00			20141231		
CE	CAISSE D'EPARGNE	275	20140423	445660	Tva sur biens & services			04.2014	20140423	VINCI Mars	23,00	0,00	A	20141231	20141231		
CE	CAISSE D'EPARGNE	275	20140423	512100	Caisse d'épargne			04.2014	20140423	VINCI Mars	0,00	23,00			20141231		
CE	CAISSE D'EPARGNE	276	20140423	606160	Carburant gazoil			04.2014	20140423	GO	97,27	0,00			20141231		
CE	CAISSE D'EPARGNE	276	20140423	512100	Caisse d'épargne			04.2014	20140423	GO	0,00	97,27			20141231		
CE	CAISSE D'EPARGNE	277	20140423	445660	Tva sur biens & services			04.2014	20140423	GO	19,45	0,00	A	20141231	20141231		
CE	CAISSE D'EPARGNE	277	20140423	512100	Caisse d'épargne			04.2014	20140423	GO	0,00	19,45			20141231		
CE	CAISSE D'EPARGNE	278	20140423	606160	Carburant gazoil			04.2014	20140423	GO	67,72	0,00			20141231		
CE	CAISSE D'EPARGNE	278	20140423	512100	Caisse d'épargne			04.2014	20140423	GO	0,00	67,72			20141231		
CE	CAISSE D'EPARGNE	279	20140423	445660	Tva sur biens & services			04.2014	20140423	GO	13,55	0,00	A	20141231	20141231		
CE	CAISSE D'EPARGNE	279	20140423	512100	Caisse d'épargne			04.2014	20140423	GO	0,00	13,55			20141231		
CE	CAISSE D'EPARGNE	280	20140423	606160	Carburant gazoil			04.2014	20140423	GO	46,22	0,00			20141231		
CE	CAISSE D'EPARGNE	280	20140423	512100	Caisse d'épargne			04.2014	20140423	GO	0,00	46,22			20141231		
CE	CAISSE D'EPARGNE	281	20140423	445660	Tva sur biens & services			04.2014	20140423	GO	9,25	0,00	A	20141231	20141231		
CE	CAISSE D'EPARGNE	281	20140423	512100	Caisse d'épargne			04.2014	20140423	GO	0,00	9,25			20141231		
CE	CAISSE D'EPARGNE	282	20140423	625100	Voyages et déplacements			04.2014	20140423	MARMITE EXPRESS 2 REPAS	21,27	0,00			20141231		
CE	CAISSE D'EPARGNE	282	20140423	512100	Caisse d'épargne			04.2014	20140423	MARMITE EXPRESS 2 REPAS	0,00	21,27			20141231		
CE	CAISSE D'EPARGNE	283	20140423	445660	Tva sur biens & services			04.2014	20140423	MARMITE EXPRESS 2 REPAS 10%	2,13	0,00	A	20141231	20141231		
CE	CAISSE D'EPARGNE	283	20140423	512100	Caisse d'épargne			04.2014	20140423	MARMITE EXPRESS 2 REPAS 10%	0,00	2,13			20141231		
CE	CAISSE D'EPARGNE	284	20140425	164502	Emprunt 8249866			04.2014	20140425	Prêt N°866 04/2014	807,41	0,00			20141231		
CE	CAISSE D'EPARGNE	284	20140425	512100	Caisse d'épargne			04.2014	20140425	Prêt N°866 04/2014	0,00	807,41			20141231		
CE	CAISSE D'EPARGNE	285	20140425	661100	Intérêts sur emprunts			04.2014	20140425	Prêt N°866 04/2014	107,41	0,00			20141231		
CE	CAISSE D'EPARGNE	285	20140425	512100	Caisse d'épargne			04.2014	20140425	Prêt N°866 04/2014	0,00	107,41			20141231		
CE	CAISSE D'EPARGNE	286	20140426	606160	Carburant gazoil			04.2014	20140426	GO	48,45	0,00			20141231		
CE	CAISSE D'EPARGNE	286	20140426	512100	Caisse d'épargne			04.2014	20140426	GO	0,00	48,45			20141231		
CE	CAISSE D'EPARGNE	287	20140426	445660	Tva sur biens & services			04.2014	20140426	GO	9,69	0,00	A	20141231	20141231		
CE	CAISSE D'EPARGNE	287	20140426	512100	Caisse d'épargne			04.2014	20140426	GO	0,00	9,69			20141231		
CE	CAISSE D'EPARGNE	288	20140429	615500	Entretien vehicules			04.2014	20140429	SNVRA CALC EL WW PARE CHOC	122,45	0,00			20141231		
CE	CAISSE D'EPARGNE	288	20140429	512100	Caisse d'épargne			04.2014	20140429	SNVRA CALC EL WW PARE CHOC	0,00	122,45			20141231		
CE	CAISSE D'EPARGNE	289	20140429	445660	Tva sur biens & services			04.2014	20140429	SNVRA CALC EL WW PARE CHOC	24,49	0,00	A	20141231	20141231		
CE	CAISSE D'EPARGNE	289	20140429	512100	Caisse d'épargne			04.2014	20140429	SNVRA CALC EL WW PARE CHOC	0,00	24,49			20141231		
CE	CAISSE D'EPARGNE	290	20140429	606160	Carburant gazoil			04.2014	20140429	GO	79,50	0,00			20141231		
CE	CAISSE D'EPARGNE	290	20140429	512100	Caisse d'épargne			04.2014	20140429	GO	0,00	79,50			20141231		
CE	CAISSE D'EPARGNE	291	20140429	445660	Tva sur biens & services			04.2014	20140429	GO	15,90	0,00	A	20141231	20141231		
CE	CAISSE D'EPARGNE	291	20140429	512100	Caisse d'épargne			04.2014	20140429	GO	0,00	15,90			20141231		
CE	CAISSE D'EPARGNE	292	20140429	626201	Téléphone fixe et internet			04.2014	20140429	ORANGE INT 04/2014	40,25	0,00			20141231		
CE	CAISSE D'EPARGNE	292	20140429	512100	Caisse d'épargne			04.2014	20140429	ORANGE INT 04/2014	0,00	40,25			20141231		
CE	CAISSE D'EPARGNE	293	20140429	445660	Tva sur biens & services			04.2014	20140429	ORANGE INT 4/2014	8,05	0,00	A	20141231	20141231		
CE	CAISSE D'EPARGNE	293	20140429	512100	Caisse d'épargne			04.2014	20140429	ORANGE INT 4/2014	0,00	8,05			20141231		
CE	CAISSE D'EPARGNE	294	20140429	606160	Carburant gazoil			04.2014	20140429	GO	24,80	0,00			20141231		
CE	CAISSE D'EPARGNE	294	20140429	512100	Caisse d'épargne			04.2014	20140429	GO	0,00	24,80			20141231		
CE	CAISSE D'EPARGNE	295	20140429	401000	Fournisseurs	FORANG	Orange	04.2014	20140429	ORANGE INTERNET 05/01-04/02	52,38	0,00	A	20140429	20141231		
CE	CAISSE D'EPARGNE	295	20140429	512100	Caisse d'épargne			04.2014	20140429	ORANGE INTERNET 05/01-04/02	0,00	52,38			20141231		
CE	CAISSE D'EPARGNE	296	20140429	445660	Tva sur biens & services			04.2014	20140429	GO	4,96	0,00	A	20141231	20141231		
CE	CAISSE D'EPARGNE	296	20140429	512100	Caisse d'épargne			04.2014	20140429	GO	0,00	4,96			20141231		
CE	CAISSE D'EPARGNE	297	20140502	615500	Entretien vehicules			05.2014	20140502	CVM LITRE HYDRAULIQUE FINA	30,00	0,00			20141231		
CE	CAISSE D'EPARGNE	297	20140502	512100	Caisse d'épargne			05.2014	20140502	CVM LITRE HYDRAULIQUE FINA	0,00	30,00			20141231		
CE	CAISSE D'EPARGNE	298	20140502	445660	Tva sur biens & services			05.2014	20140502	CVM LITRE HYDRAULIQUE FINA	6,00	0,00	A	20141231	20141231		
CE	CAISSE D'EPARGNE	298	20140502	512100	Caisse d'épargne			05.2014	20140502	CVM LITRE HYDRAULIQUE FINA	0,00	6,00			20141231		
CE	CAISSE D'EPARGNE	299	20140502	108000	Compte de l'exploitant			05.2014	20140502	SALAIRE	600,00	0,00			20141231		
CE	CAISSE D'EPARGNE	299	20140502	512100	Caisse d'épargne			05.2014	20140502	SALAIRE	0,00	600,00			20141231		
CE	CAISSE D'EPARGNE	300	20140502	606160	Carburant gazoil			05.2014	20140502	GO	63,62	0,00			20141231		
CE	CAISSE D'EPARGNE	300	20140502	512100	Caisse d'épargne			05.2014	20140502	GO	0,00	63,62			20141231		
CE	CAISSE D'EPARGNE	301	20140502	445660	Tva sur biens & services			05.2014	20140502	GO	12,73	0,00	A	20141231	20141231		
CE	CAISSE D'EPARGNE	301	20140502	512100	Caisse d'épargne			05.2014	20140502	GO	0,00	12,73			20141231		
CE	CAISSE D'EPARGNE	302	20140503	445660	Tva sur biens & services			05.2014	20140503	MIR Peugeot AP867QX SINISTRE	154,52	0,00	A	20141231	20141231		
CE	CAISSE D'EPARGNE	302	20140503	512100	Caisse d'épargne			05.2014	20140503	MIR Peugeot AP867QX SINISTRE	0,00	154,52			20141231		
CE	CAISSE D'EPARGNE	303	20140503	606160	Carburant gazoil			05.2014	20140503	GO	23,70	0,00			20141231		
CE	CAISSE D'EPARGNE	303	20140503	512100	Caisse d'épargne			05.2014	20140503	GO	0,00	23,70			20141231		
CE	CAISSE D'EPARGNE	304	20140503	445660	Tva sur biens & services			05.2014	20140503	GO	4,74	0,00	A	20141231	20141231		
CE	CAISSE D'EPARGNE	304	20140503	512100	Caisse d'épargne			05.2014	20140503	GO	0,00	4,74			20141231		
CE	CAISSE D'EPARGNE	305	20140506	626200	Téléphone mobile			05.2014	20140506	ORANGE Mobile 04/2014	7,16	0,00			20141231		
CE	CAISSE D'EPARGNE	305	20140506	512100	Caisse d'épargne			05.2014	20140506	ORANGE Mobile 04/2014	0,00	7,16			20141231		
CE	CAISSE D'EPARGNE	306	20140506	445660	Tva sur biens & services			05.2014	20140506	ORANGE Mobile 04/2014	1,43	0,00	A	20141231	20141231		
CE	CAISSE D'EPARGNE	306	20140506	512100	Caisse d'épargne			05.2014	20140506	ORANGE Mobile 04/2014	0,00	1,43			20141231		
CE	CAISSE D'EPARGNE	307	20140506	606160	Carburant gazoil			05.2014	20140506	GO	53,81	0,00			20141231		
CE	CAISSE D'EPARGNE	307	20140506	512100	Caisse d'épargne			05.2014	20140506	GO	0,00	53,81			20141231		
CE	CAISSE D'EPARGNE	308	20140506	445660	Tva sur biens & services			05.2014	20140506	GO	10,76	0,00	A	20141231	20141231		
CE	CAISSE D'EPARGNE	308	20140506	512100	Caisse d'épargne			05.2014	20140506	GO	0,00	10,76			20141231		
CE	CAISSE D'EPARGNE	309	20140506	411200	Client Bonin			05.2014	20140506	MFP BONIN ALAIN Mars	0,00	398,18	A	20140506	20141231		
CE	CAISSE D'EPARGNE	309	20140506	512100	Caisse d'épargne			05.2014	20140506	MFP BONIN ALAIN Mars	398,18	0,00			20141231		
CE	CAISSE D'EPARGNE	310	20140507	401000	Fournisseurs	FFITEC	FITECO	05.2014	20140507	FITECO 2013 Chèque 297	1311,60	0,00	A	20140507	20141231		
CE	CAISSE D'EPARGNE	310	20140507	512100	Caisse d'épargne			05.2014	20140507	FITECO 2013 Chèque 297	0,00	1311,60			20141231		
CE	CAISSE D'EPARGNE	311	20140507	627800	Autres services bancaires			05.2014	20140507	Forfait libre 2T2014	65,11	0,00			20141231		
CE	CAISSE D'EPARGNE	311	20140507	512100	Caisse d'épargne			05.2014	20140507	Forfait libre 2T2014	0,00	65,11			20141231		
CE	CAISSE D'EPARGNE	312	20140507	445660	Tva sur biens & services			05.2014	20140507	Forfait libre 2T2014	2,72	0,00	A	20141231	20141231		
CE	CAISSE D'EPARGNE	312	20140507	512100	Caisse d'épargne			05.2014	20140507	Forfait libre 2T2014	0,00	2,72			20141231		
CE	CAISSE D'EPARGNE	313	20140508	411000	Clients			05.2014	20140508	MSA BERRY	0,00	1288,73	N	20140531	20141231		
CE	CAISSE D'EPARGNE	313	20140508	512100	Caisse d'épargne			05.2014	20140508	MSA BERRY	1288,73	0,00			20141231		
CE	CAISSE D'EPARGNE	314	20140509	411000	Clients			05.2014	20140509	CPAM	0,00	2383,52	AW	20140630	20141231		
CE	CAISSE D'EPARGNE	314	20140509	512100	Caisse d'épargne			05.2014	20140509	CPAM	2383,52	0,00			20141231		
CE	CAISSE D'EPARGNE	315	20140512	613500	Location adresse electronique			05.2014	20140512	LOCAM 05/2014	88,00	0,00			20141231		
CE	CAISSE D'EPARGNE	315	20140512	512100	Caisse d'épargne			05.2014	20140512	LOCAM 05/2014	0,00	88,00			20141231		
CE	CAISSE D'EPARGNE	316	20140512	445660	Tva sur biens & services			05.2014	20140512	LOCAM 05/2014	17,60	0,00	A	20141231	20141231		
CE	CAISSE D'EPARGNE	316	20140512	512100	Caisse d'épargne			05.2014	20140512	LOCAM 05/2014	0,00	17,60			20141231		
CE	CAISSE D'EPARGNE	317	20140512	606160	Carburant gazoil			05.2014	20140512	GO	32,98	0,00			20141231		
CE	CAISSE D'EPARGNE	317	20140512	512100	Caisse d'épargne			05.2014	20140512	GO	0,00	32,98			20141231		
CE	CAISSE D'EPARGNE	318	20140512	445660	Tva sur biens & services			05.2014	20140512	GO	6,60	0,00	A	20141231	20141231		
CE	CAISSE D'EPARGNE	318	20140512	512100	Caisse d'épargne			05.2014	20140512	GO	0,00	6,60			20141231		
CE	CAISSE D'EPARGNE	319	20140512	606160	Carburant gazoil			05.2014	20140512	GO	29,17	0,00			20141231		
CE	CAISSE D'EPARGNE	319	20140512	512100	Caisse d'épargne			05.2014	20140512	GO	0,00	29,17			20141231		
CE	CAISSE D'EPARGNE	320	20140512	445660	Tva sur biens & services			05.2014	20140512	GO	5,83	0,00	A	20141231	20141231		
CE	CAISSE D'EPARGNE	320	20140512	512100	Caisse d'épargne			05.2014	20140512	GO	0,00	5,83			20141231		
CE	CAISSE D'EPARGNE	321	20140514	108000	Compte de l'exploitant			05.2014	20140514	LEFEVRE REHABILITATION COUR	3300,00	0,00			20141231		
CE	CAISSE D'EPARGNE	321	20140514	512100	Caisse d'épargne			05.2014	20140514	LEFEVRE REHABILITATION COUR	0,00	3300,00			20141231		
CE	CAISSE D'EPARGNE	322	20140514	606160	Carburant gazoil			05.2014	20140514	GO	64,51	0,00			20141231		
CE	CAISSE D'EPARGNE	322	20140514	512100	Caisse d'épargne			05.2014	20140514	GO	0,00	64,51			20141231		
CE	CAISSE D'EPARGNE	323	20140514	445660	Tva sur biens & services			05.2014	20140514	GO	12,90	0,00	A	20141231	20141231		
CE	CAISSE D'EPARGNE	323	20140514	512100	Caisse d'épargne			05.2014	20140514	GO	0,00	12,90			20141231		
CE	CAISSE D'EPARGNE	324	20140515	164503	Emprunt 8257883			05.2014	20140515	Prêt N°883 05/2014	171,68	0,00			20141231		
CE	CAISSE D'EPARGNE	324	20140515	512100	Caisse d'épargne			05.2014	20140515	Prêt N°883 05/2014	0,00	171,68			20141231		
CE	CAISSE D'EPARGNE	325	20140515	661100	Intérêts sur emprunts			05.2014	20140515	Prêt N°883 mai	13,00	0,00			20141231		
CE	CAISSE D'EPARGNE	325	20140515	512100	Caisse d'épargne			05.2014	20140515	Prêt N°883 mai	0,00	13,00			20141231		
CE	CAISSE D'EPARGNE	326	20140515	606160	Carburant gazoil			05.2014	20140515	GO	38,37	0,00			20141231		
CE	CAISSE D'EPARGNE	326	20140515	512100	Caisse d'épargne			05.2014	20140515	GO	0,00	38,37			20141231		
CE	CAISSE D'EPARGNE	327	20140515	445660	Tva sur biens & services			05.2014	20140515	GO	7,67	0,00	A	20141231	20141231		
CE	CAISSE D'EPARGNE	327	20140515	512100	Caisse d'épargne			05.2014	20140515	GO	0,00	7,67			20141231		
CE	CAISSE D'EPARGNE	328	20140515	606160	Carburant gazoil			05.2014	20140515	GO	18,12	0,00			20141231		
CE	CAISSE D'EPARGNE	328	20140515	512100	Caisse d'épargne			05.2014	20140515	GO	0,00	18,12			20141231		
CE	CAISSE D'EPARGNE	329	20140515	445660	Tva sur biens & services			05.2014	20140515	GO	3,62	0,00	A	20141231	20141231		
CE	CAISSE D'EPARGNE	329	20140515	512100	Caisse d'épargne			05.2014	20140515	GO	0,00	3,62			20141231		
CE	CAISSE D'EPARGNE	330	20140515	615500	Entretien vehicules			05.2014	20140515	PAYPAL PIECES AUTO	94,89	0,00			20141231		
CE	CAISSE D'EPARGNE	330	20140515	512100	Caisse d'épargne			05.2014	20140515	PAYPAL PIECES AUTO	0,00	94,89			20141231		
CE	CAISSE D'EPARGNE	331	20140516	606160	Carburant gazoil			6183007	20140516	GO	68,22	0,00			20141231		
CE	CAISSE D'EPARGNE	331	20140516	512100	Caisse d'épargne			6183007	20140516	GO	0,00	68,22			20141231		
CE	CAISSE D'EPARGNE	332	20140516	445660	Tva sur biens & services			6183007	20140516	GO	13,64	0,00	A	20141231	20141231		
CE	CAISSE D'EPARGNE	332	20140516	512100	Caisse d'épargne			6183007	20140516	GO	0,00	13,64			20141231		
CE	CAISSE D'EPARGNE	333	20140516	615500	Entretien vehicules			6183007	20140516	AUTO REPAR REVISION AA860HF	210,36	0,00			20141231		
CE	CAISSE D'EPARGNE	333	20140516	512100	Caisse d'épargne			6183007	20140516	AUTO REPAR REVISION AA860HF	0,00	210,36			20141231		
CE	CAISSE D'EPARGNE	334	20140516	445660	Tva sur biens & services			6183007	20140516	AUTO REPAR VITO AA-860-HF REVI	42,07	0,00	A	20141231	20141231		
CE	CAISSE D'EPARGNE	334	20140516	512100	Caisse d'épargne			6183007	20140516	AUTO REPAR VITO AA-860-HF REVI	0,00	42,07			20141231		
CE	CAISSE D'EPARGNE	335	20140516	606400	Fournitures administratives			6183007	20140516	CB DARTY  CORDON  IPHONE	19,99	0,00			20141231		
CE	CAISSE D'EPARGNE	335	20140516	512100	Caisse d'épargne			6183007	20140516	CB DARTY  CORDON  IPHONE	0,00	19,99			20141231		
CE	CAISSE D'EPARGNE	336	20140516	615500	Entretien vehicules			6183007	20140516	SNVRA CAPTEUR TEMPERATURE	22,30	0,00			20141231		
CE	CAISSE D'EPARGNE	336	20140516	512100	Caisse d'épargne			6183007	20140516	SNVRA CAPTEUR TEMPERATURE	0,00	22,30			20141231		
CE	CAISSE D'EPARGNE	337	20140516	445660	Tva sur biens & services			6183007	20140516	SNVRA CAPTEUR TEMPERATURE	4,46	0,00	A	20141231	20141231		
CE	CAISSE D'EPARGNE	337	20140516	512100	Caisse d'épargne			6183007	20140516	SNVRA CAPTEUR TEMPERATURE	0,00	4,46			20141231		
CE	CAISSE D'EPARGNE	338	20140520	625100	Voyages et déplacements			5	20140520	COFIROUTE 04/2014	102,49	0,00			20141231		
CE	CAISSE D'EPARGNE	338	20140520	512100	Caisse d'épargne			5	20140520	COFIROUTE 04/2014	0,00	102,49			20141231		
CE	CAISSE D'EPARGNE	339	20140520	445660	Tva sur biens & services			5	20140520	COFIROUTE 04/2014	20,50	0,00	A	20141231	20141231		
CE	CAISSE D'EPARGNE	339	20140520	512100	Caisse d'épargne			5	20140520	COFIROUTE 04/2014	0,00	20,50			20141231		
CE	CAISSE D'EPARGNE	340	20140520	646400	Rsi ava vieillesse urssaf mala			6	20140520	RSI 	168,00	0,00			20141231		
CE	CAISSE D'EPARGNE	340	20140520	512100	Caisse d'épargne			6	20140520	RSI 	0,00	168,00			20141231		
CE	CAISSE D'EPARGNE	341	20140520	164500	Emprunt 8234663			7	20140520	ECH PRET 8234663 DU 20/05/14	367,38	0,00			20141231		
CE	CAISSE D'EPARGNE	341	20140520	512100	Caisse d'épargne			7	20140520	ECH PRET 8234663 DU 20/05/14	0,00	367,38			20141231		
CE	CAISSE D'EPARGNE	342	20140520	661100	Intérêts sur emprunts			7	20140520	ECH PRET 8234663 DU 20/05/14	42,67	0,00			20141231		
CE	CAISSE D'EPARGNE	342	20140520	512100	Caisse d'épargne			7	20140520	ECH PRET 8234663 DU 20/05/14	0,00	42,67			20141231		
CE	CAISSE D'EPARGNE	343	20140521	627800	Autres services bancaires			8	20140521	REGU DATE VAL. RETRO COM. 2013	0,00	3,24			20141231		
CE	CAISSE D'EPARGNE	343	20140521	512100	Caisse d'épargne			8	20140521	REGU DATE VAL. RETRO COM. 2013	3,24	0,00			20141231		
CE	CAISSE D'EPARGNE	344	20140521	627800	Autres services bancaires			9	20140521	ANNU DATE VAL. RETRO COM. 2013	3,24	0,00			20141231		
CE	CAISSE D'EPARGNE	344	20140521	512100	Caisse d'épargne			9	20140521	ANNU DATE VAL. RETRO COM. 2013	0,00	3,24			20141231		
CE	CAISSE D'EPARGNE	345	20140521	626200	Téléphone mobile			10	20140521	ORANGE Mobile Mai	64,47	0,00			20141231		
CE	CAISSE D'EPARGNE	345	20140521	512100	Caisse d'épargne			10	20140521	ORANGE Mobile Mai	0,00	64,47			20141231		
CE	CAISSE D'EPARGNE	346	20140521	445660	Tva sur biens & services			10	20140521	ORANGE  Mobile Mai	12,89	0,00	A	20141231	20141231		
CE	CAISSE D'EPARGNE	346	20140521	512100	Caisse d'épargne			10	20140521	ORANGE  Mobile Mai	0,00	12,89			20141231		
CE	CAISSE D'EPARGNE	347	20140521	616081	Assurance décès sur emprunt			11	20140521	BPCE Mai	81,00	0,00			20141231		
CE	CAISSE D'EPARGNE	347	20140521	512100	Caisse d'épargne			11	20140521	BPCE Mai	0,00	81,00			20141231		
CE	CAISSE D'EPARGNE	348	20140522	606160	Carburant gazoil			6183007	20140522	GO	58,01	0,00			20141231		
CE	CAISSE D'EPARGNE	348	20140522	512100	Caisse d'épargne			6183007	20140522	GO	0,00	58,01			20141231		
CE	CAISSE D'EPARGNE	349	20140522	445660	Tva sur biens & services			6183007	20140522	GO	11,60	0,00	A	20141231	20141231		
CE	CAISSE D'EPARGNE	349	20140522	512100	Caisse d'épargne			6183007	20140522	GO	0,00	11,60			20141231		
CE	CAISSE D'EPARGNE	350	20140522	411000	Clients			13	20140522	CAISSE MUTUALITE SOCIA CAI	0,00	727,17	AA	20140531	20141231		
CE	CAISSE D'EPARGNE	350	20140522	512100	Caisse d'épargne			13	20140522	CAISSE MUTUALITE SOCIA CAI	727,17	0,00			20141231		
CE	CAISSE D'EPARGNE	351	20140522	411000	Clients			14	20140522	C.P.A.M. BLOIS	0,00	677,12	AH	20140531	20141231		
CE	CAISSE D'EPARGNE	351	20140522	512100	Caisse d'épargne			14	20140522	C.P.A.M. BLOIS	677,12	0,00			20141231		
CE	CAISSE D'EPARGNE	352	20140524	615500	Entretien vehicules			6183007	20140524	AUTO REPAR CLIMATISATION AP867QX	100,00	0,00			20141231		
CE	CAISSE D'EPARGNE	352	20140524	512100	Caisse d'épargne			6183007	20140524	AUTO REPAR CLIMATISATION AP867QX	0,00	100,00			20141231		
CE	CAISSE D'EPARGNE	353	20140524	445660	Tva sur biens & services			6183007	20140524	AUTO REPAR Clim Peug AP-867-QX	20,00	0,00	A	20141231	20141231		
CE	CAISSE D'EPARGNE	353	20140524	512100	Caisse d'épargne			6183007	20140524	AUTO REPAR Clim Peug AP-867-QX	0,00	20,00			20141231		
CE	CAISSE D'EPARGNE	354	20140526	164502	Emprunt 8249866			16	20140526	ECH PRET 8249866 DU 25/05/14	809,40	0,00			20141231		
CE	CAISSE D'EPARGNE	354	20140526	512100	Caisse d'épargne			16	20140526	ECH PRET 8249866 DU 25/05/14	0,00	809,40			20141231		
CE	CAISSE D'EPARGNE	355	20140526	661100	Intérêts sur emprunts			16	20140526	ECH PRET 8249866 DU 25/05/14	105,42	0,00			20141231		
CE	CAISSE D'EPARGNE	355	20140526	512100	Caisse d'épargne			16	20140526	ECH PRET 8249866 DU 25/05/14	0,00	105,42			20141231		
CE	CAISSE D'EPARGNE	356	20140527	606160	Carburant gazoil			6183007	20140527	GO	33,25	0,00			20141231		
CE	CAISSE D'EPARGNE	356	20140527	512100	Caisse d'épargne			6183007	20140527	GO	0,00	33,25			20141231		
CE	CAISSE D'EPARGNE	357	20140527	445660	Tva sur biens & services			6183007	20140527	GO	6,65	0,00	A	20141231	20141231		
CE	CAISSE D'EPARGNE	357	20140527	512100	Caisse d'épargne			6183007	20140527	GO	0,00	6,65			20141231		
CE	CAISSE D'EPARGNE	358	20140527	606400	Fournitures administratives			6183007	20140527	BUREAU VALLEE Poch Kraft +env	37,31	0,00			20141231		
CE	CAISSE D'EPARGNE	358	20140527	512100	Caisse d'épargne			6183007	20140527	BUREAU VALLEE Poch Kraft +env	0,00	37,31			20141231		
CE	CAISSE D'EPARGNE	359	20140527	445660	Tva sur biens & services			6183007	20140527	BUREAU VALLEE Poch Kraft + env	7,46	0,00	A	20141231	20141231		
CE	CAISSE D'EPARGNE	359	20140527	512100	Caisse d'épargne			6183007	20140527	BUREAU VALLEE Poch Kraft + env	0,00	7,46			20141231		
CE	CAISSE D'EPARGNE	360	20140527	606160	Carburant gazoil			6183007	20140527	GO	21,45	0,00			20141231		
CE	CAISSE D'EPARGNE	360	20140527	512100	Caisse d'épargne			6183007	20140527	GO	0,00	21,45			20141231		
CE	CAISSE D'EPARGNE	361	20140527	445660	Tva sur biens & services			6183007	20140527	GO	4,29	0,00	A	20141231	20141231		
CE	CAISSE D'EPARGNE	361	20140527	512100	Caisse d'épargne			6183007	20140527	GO	0,00	4,29			20141231		
CE	CAISSE D'EPARGNE	362	20140527	622600	Honoraires comptables			20	20140527	FITECO 1ACPTE14	440,00	0,00			20141231		
CE	CAISSE D'EPARGNE	362	20140527	512100	Caisse d'épargne			20	20140527	FITECO 1ACPTE14	0,00	440,00			20141231		
CE	CAISSE D'EPARGNE	363	20140527	445660	Tva sur biens & services			20	20140527	FITECO	88,00	0,00	A	20141231	20141231		
CE	CAISSE D'EPARGNE	363	20140527	512100	Caisse d'épargne			20	20140527	FITECO	0,00	88,00			20141231		
CE	CAISSE D'EPARGNE	364	20140528	411000	Clients			9910148	20140528	BOUTARD	0,00	33,68	BE	20141231	20141231		
CE	CAISSE D'EPARGNE	364	20140528	512100	Caisse d'épargne			9910148	20140528	BOUTARD	33,68	0,00			20141231		
CE	CAISSE D'EPARGNE	365	20140528	411000	Clients			9910148	20140528	INTER MUT	0,00	220,68	AE	20140528	20141231		
CE	CAISSE D'EPARGNE	365	20140528	512100	Caisse d'épargne			9910148	20140528	INTER MUT	220,68	0,00			20141231		
CE	CAISSE D'EPARGNE	366	20140528	411000	Clients			9910148	20140528	INTER MUT	0,00	32,49	AG	20140528	20141231		
CE	CAISSE D'EPARGNE	366	20140528	512100	Caisse d'épargne			9910148	20140528	INTER MUT	32,49	0,00			20141231		
CE	CAISSE D'EPARGNE	367	20140528	411000	Clients			9910148	20140528	INTER MUT	0,00	79,65	AF	20140528	20141231		
CE	CAISSE D'EPARGNE	367	20140528	512100	Caisse d'épargne			9910148	20140528	INTER MUT	79,65	0,00			20141231		
CE	CAISSE D'EPARGNE	368	20140528	411000	Clients			9910148	20140528	TRON	0,00	73,99			20141231		
CE	CAISSE D'EPARGNE	368	20140528	512100	Caisse d'épargne			9910148	20140528	TRON	73,99	0,00			20141231		
CE	CAISSE D'EPARGNE	369	20140528	622600	Honoraires comptables			22	20140528	FITECO 1ACPTE13	1050,00	0,00			20141231		
CE	CAISSE D'EPARGNE	369	20140528	512100	Caisse d'épargne			22	20140528	FITECO 1ACPTE13	0,00	1050,00			20141231		
CE	CAISSE D'EPARGNE	370	20140528	445660	Tva sur biens & services			22	20140528	FITECO	210,00	0,00	A	20141231	20141231		
CE	CAISSE D'EPARGNE	370	20140528	512100	Caisse d'épargne			22	20140528	FITECO	0,00	210,00			20141231		
CE	CAISSE D'EPARGNE	371	20140528	411000	Clients			23	20140528	LA MUTUELLE GENERALE SIRE SERG	0,00	589,46	O	20140531	20141231		
CE	CAISSE D'EPARGNE	371	20140528	512100	Caisse d'épargne			23	20140528	LA MUTUELLE GENERALE SIRE SERG	589,46	0,00			20141231		
CE	CAISSE D'EPARGNE	372	20140529	616000	Assurance covea			0000298	20140529	COVEA ASS 01/04/2014-30/06/201	545,00	0,00			20141231		
CE	CAISSE D'EPARGNE	372	20140529	512100	Caisse d'épargne			0000298	20140529	COVEA ASS 01/04/2014-30/06/201	0,00	545,00			20141231		
CE	CAISSE D'EPARGNE	373	20140529	627800	Autres services bancaires			25	20140529	COMMISSION INTERVENTION	9,60	0,00			20141231		
CE	CAISSE D'EPARGNE	373	20140529	512100	Caisse d'épargne			25	20140529	COMMISSION INTERVENTION	0,00	9,60			20141231		
CE	CAISSE D'EPARGNE	374	20140529	411000	Clients			26	20140529	CAISSE MUTUALITE SOCIA CAI	0,00	491,64	AA	20140531	20141231		
CE	CAISSE D'EPARGNE	374	20140529	512100	Caisse d'épargne			26	20140529	CAISSE MUTUALITE SOCIA CAI	491,64	0,00			20141231		
CE	CAISSE D'EPARGNE	375	20140530	411000	Clients			27	20140530	C.P.A.M. BLOIS C.P.A.M. BL	0,00	952,39	AY	20140831	20141231		
CE	CAISSE D'EPARGNE	375	20140530	512100	Caisse d'épargne			27	20140530	C.P.A.M. BLOIS C.P.A.M. BL	952,39	0,00			20141231		
CE	CAISSE D'EPARGNE	376	20140531	606160	Carburant gazoil			6183007	20140531	GO	44,42	0,00			20141231		
CE	CAISSE D'EPARGNE	376	20140531	512100	Caisse d'épargne			6183007	20140531	GO	0,00	44,42			20141231		
CE	CAISSE D'EPARGNE	377	20140531	445660	Tva sur biens & services			6183007	20140531	GO	8,88	0,00	A	20141231	20141231		
CE	CAISSE D'EPARGNE	377	20140531	512100	Caisse d'épargne			6183007	20140531	GO	0,00	8,88			20141231		
CE	CAISSE D'EPARGNE	378	20140602	108000	Compte de l'exploitant			29	20140602	SALAIRE	600,00	0,00			20141231		
CE	CAISSE D'EPARGNE	378	20140602	512100	Caisse d'épargne			29	20140602	SALAIRE	0,00	600,00			20141231		
CE	CAISSE D'EPARGNE	379	20140603	606160	Carburant gazoil			6183007	20140603	GO	38,52	0,00			20141231		
CE	CAISSE D'EPARGNE	379	20140603	512100	Caisse d'épargne			6183007	20140603	GO	0,00	38,52			20141231		
CE	CAISSE D'EPARGNE	380	20140603	445660	Tva sur biens & services			6183007	20140603	GO	7,70	0,00	A	20141231	20141231		
CE	CAISSE D'EPARGNE	380	20140603	512100	Caisse d'épargne			6183007	20140603	GO	0,00	7,70			20141231		
CE	CAISSE D'EPARGNE	381	20140603	626200	Téléphone mobile			31	20140603	ORANGE Mobile Mai	9,50	0,00			20141231		
CE	CAISSE D'EPARGNE	381	20140603	512100	Caisse d'épargne			31	20140603	ORANGE Mobile Mai	0,00	9,50			20141231		
CE	CAISSE D'EPARGNE	382	20140603	445660	Tva sur biens & services			31	20140603	ORANGE. Mobile Mai	1,90	0,00	A	20141231	20141231		
CE	CAISSE D'EPARGNE	382	20140603	512100	Caisse d'épargne			31	20140603	ORANGE. Mobile Mai	0,00	1,90			20141231		
CE	CAISSE D'EPARGNE	383	20140605	606160	Carburant gazoil			6183007	20140605	GO	64,82	0,00			20141231		
CE	CAISSE D'EPARGNE	383	20140605	512100	Caisse d'épargne			6183007	20140605	GO	0,00	64,82			20141231		
CE	CAISSE D'EPARGNE	384	20140605	445660	Tva sur biens & services			6183007	20140605	GO	12,96	0,00	A	20141231	20141231		
CE	CAISSE D'EPARGNE	384	20140605	512100	Caisse d'épargne			6183007	20140605	GO	0,00	12,96			20141231		
CE	CAISSE D'EPARGNE	385	20140606	606300	Fournitures petits équipements			6183007	20140606	AIR SOFT CONCEP SK ACCU	164,78	0,00			20141231		
CE	CAISSE D'EPARGNE	385	20140606	512100	Caisse d'épargne			6183007	20140606	AIR SOFT CONCEP SK ACCU	0,00	164,78			20141231		
CE	CAISSE D'EPARGNE	386	20140606	445660	Tva sur biens & services			6183007	20140606	AIR SOFT CONCEP SK ACCU	32,96	0,00	A	20141231	20141231		
CE	CAISSE D'EPARGNE	386	20140606	512100	Caisse d'épargne			6183007	20140606	AIR SOFT CONCEP SK ACCU	0,00	32,96			20141231		
CE	CAISSE D'EPARGNE	387	20140607	635700	Carte grise			6183007	20140607	AUTO REPAR' CARTE GRISE KANGOO AK364HG	243,50	0,00			20141231		
CE	CAISSE D'EPARGNE	387	20140607	512100	Caisse d'épargne			6183007	20140607	AUTO REPAR' CARTE GRISE KANGOO AK364HG	0,00	243,50			20141231		
CE	CAISSE D'EPARGNE	388	20140607	606160	Carburant gazoil			6183007	20140607	GO	28,60	0,00			20141231		
CE	CAISSE D'EPARGNE	388	20140607	512100	Caisse d'épargne			6183007	20140607	GO	0,00	28,60			20141231		
CE	CAISSE D'EPARGNE	389	20140607	445660	Tva sur biens & services			6183007	20140607	GO	5,72	0,00	A	20141231	20141231		
CE	CAISSE D'EPARGNE	389	20140607	512100	Caisse d'épargne			6183007	20140607	GO	0,00	5,72			20141231		
CE	CAISSE D'EPARGNE	390	20140610	606160	Carburant gazoil			6183007	20140610	GO	55,78	0,00			20141231		
CE	CAISSE D'EPARGNE	390	20140610	512100	Caisse d'épargne			6183007	20140610	GO	0,00	55,78			20141231		
CE	CAISSE D'EPARGNE	391	20140610	445660	Tva sur biens & services			6183007	20140610	GO	11,16	0,00	A	20141231	20141231		
CE	CAISSE D'EPARGNE	391	20140610	512100	Caisse d'épargne			6183007	20140610	GO	0,00	11,16			20141231		
CE	CAISSE D'EPARGNE	392	20140610	606300	Fournitures petits équipements			6183007	20140610	VPA SARL  Booster	304,60	0,00			20141231		
CE	CAISSE D'EPARGNE	392	20140610	512100	Caisse d'épargne			6183007	20140610	VPA SARL  Booster	0,00	304,60			20141231		
CE	CAISSE D'EPARGNE	393	20140610	445660	Tva sur biens & services			6183007	20140610	VPA SARL  Booster	60,92	0,00	A	20141231	20141231		
CE	CAISSE D'EPARGNE	393	20140610	512100	Caisse d'épargne			6183007	20140610	VPA SARL  Booster	0,00	60,92			20141231		
CE	CAISSE D'EPARGNE	394	20140610	606160	Carburant gazoil			6183007	20140610	GO	30,18	0,00			20141231		
CE	CAISSE D'EPARGNE	394	20140610	512100	Caisse d'épargne			6183007	20140610	GO	0,00	30,18			20141231		
CE	CAISSE D'EPARGNE	395	20140610	445660	Tva sur biens & services			6183007	20140610	GO	6,04	0,00	A	20141231	20141231		
CE	CAISSE D'EPARGNE	395	20140610	512100	Caisse d'épargne			6183007	20140610	GO	0,00	6,04			20141231		
CE	CAISSE D'EPARGNE	396	20140610	613500	Location adresse electronique			39	20140610	LOCAM	88,00	0,00			20141231		
CE	CAISSE D'EPARGNE	396	20140610	512100	Caisse d'épargne			39	20140610	LOCAM	0,00	88,00			20141231		
CE	CAISSE D'EPARGNE	397	20140610	445660	Tva sur biens & services			39	20140610	LOCAM	17,60	0,00	A	20141231	20141231		
CE	CAISSE D'EPARGNE	397	20140610	512100	Caisse d'épargne			39	20140610	LOCAM	0,00	17,60			20141231		
CE	CAISSE D'EPARGNE	398	20140611	411200	Client Bonin			40	20140611	RGF MFP BONIN ALAIN	0,00	1493,16	D	20140611	20141231		
CE	CAISSE D'EPARGNE	398	20140611	512100	Caisse d'épargne			40	20140611	RGF MFP BONIN ALAIN	1493,16	0,00			20141231		
CE	CAISSE D'EPARGNE	399	20140612	606160	Carburant gazoil			6183007	20140612	GO	28,51	0,00			20141231		
CE	CAISSE D'EPARGNE	399	20140612	512100	Caisse d'épargne			6183007	20140612	GO	0,00	28,51			20141231		
CE	CAISSE D'EPARGNE	400	20140612	445660	Tva sur biens & services			6183007	20140612	GO	5,70	0,00	A	20141231	20141231		
CE	CAISSE D'EPARGNE	400	20140612	512100	Caisse d'épargne			6183007	20140612	GO	0,00	5,70			20141231		
CE	CAISSE D'EPARGNE	401	20140613	625100	Voyages et déplacements			6183007	20140613	Péage	2,25	0,00			20141231		
CE	CAISSE D'EPARGNE	401	20140613	512100	Caisse d'épargne			6183007	20140613	Péage	0,00	2,25			20141231		
CE	CAISSE D'EPARGNE	402	20140613	445660	Tva sur biens & services			6183007	20140613	Péage	0,45	0,00	A	20141231	20141231		
CE	CAISSE D'EPARGNE	402	20140613	512100	Caisse d'épargne			6183007	20140613	Péage	0,00	0,45			20141231		
CE	CAISSE D'EPARGNE	403	20140614	606160	Carburant gazoil			6183007	20140614	GO	63,40	0,00			20141231		
CE	CAISSE D'EPARGNE	403	20140614	512100	Caisse d'épargne			6183007	20140614	GO	0,00	63,40			20141231		
CE	CAISSE D'EPARGNE	404	20140614	445660	Tva sur biens & services			6183007	20140614	GO	12,68	0,00	A	20141231	20141231		
CE	CAISSE D'EPARGNE	404	20140614	512100	Caisse d'épargne			6183007	20140614	GO	0,00	12,68			20141231		
CE	CAISSE D'EPARGNE	405	20140616	164503	Emprunt 8257883			44	20140616	ECH PRET 8257883 DU 15/06/14	172,00	0,00			20141231		
CE	CAISSE D'EPARGNE	405	20140616	512100	Caisse d'épargne			44	20140616	ECH PRET 8257883 DU 15/06/14	0,00	172,00			20141231		
CE	CAISSE D'EPARGNE	406	20140616	661100	Intérêts sur emprunts			44	20140616	ECH PRET 8257883 DU 15/06/14	12,68	0,00			20141231		
CE	CAISSE D'EPARGNE	406	20140616	512100	Caisse d'épargne			44	20140616	ECH PRET 8257883 DU 15/06/14	0,00	12,68			20141231		
CE	CAISSE D'EPARGNE	407	20140617	606160	Carburant gazoil			6183007	20140617	GO	30,82	0,00			20141231		
CE	CAISSE D'EPARGNE	407	20140617	512100	Caisse d'épargne			6183007	20140617	GO	0,00	30,82			20141231		
CE	CAISSE D'EPARGNE	408	20140617	445660	Tva sur biens & services			6183007	20140617	GO	6,16	0,00	A	20141231	20141231		
CE	CAISSE D'EPARGNE	408	20140617	512100	Caisse d'épargne			6183007	20140617	GO	0,00	6,16			20141231		
CE	CAISSE D'EPARGNE	409	20140618	625100	Voyages et déplacements			6183007	20140618	Péage	0,75	0,00			20141231		
CE	CAISSE D'EPARGNE	409	20140618	512100	Caisse d'épargne			6183007	20140618	Péage	0,00	0,75			20141231		
CE	CAISSE D'EPARGNE	410	20140618	445660	Tva sur biens & services			6183007	20140618	Péage	0,15	0,00	A	20141231	20141231		
CE	CAISSE D'EPARGNE	410	20140618	512100	Caisse d'épargne			6183007	20140618	Péage	0,00	0,15			20141231		
CE	CAISSE D'EPARGNE	411	20140618	606160	Carburant gazoil			6183007	20140618	GO	25,36	0,00			20141231		
CE	CAISSE D'EPARGNE	411	20140618	512100	Caisse d'épargne			6183007	20140618	GO	0,00	25,36			20141231		
CE	CAISSE D'EPARGNE	412	20140618	445660	Tva sur biens & services			6183007	20140618	GO	5,07	0,00	A	20141231	20141231		
CE	CAISSE D'EPARGNE	412	20140618	512100	Caisse d'épargne			6183007	20140618	GO	0,00	5,07			20141231		
CE	CAISSE D'EPARGNE	413	20140618	401000	Fournisseurs	FDIX	DIXIT IMPRIM	0000323	20140618	DIXIT IMPRIM Pub Voiture	843,00	0,00	A	20140618	20141231		
CE	CAISSE D'EPARGNE	413	20140618	512100	Caisse d'épargne			0000323	20140618	DIXIT IMPRIM Pub Voiture	0,00	843,00			20141231		
CE	CAISSE D'EPARGNE	414	20140619	606160	Carburant gazoil			6183007	20140619	GO	76,62	0,00			20141231		
CE	CAISSE D'EPARGNE	414	20140619	512100	Caisse d'épargne			6183007	20140619	GO	0,00	76,62			20141231		
CE	CAISSE D'EPARGNE	415	20140619	445660	Tva sur biens & services			6183007	20140619	GO	15,33	0,00	A	20141231	20141231		
CE	CAISSE D'EPARGNE	415	20140619	512100	Caisse d'épargne			6183007	20140619	GO	0,00	15,33			20141231		
CE	CAISSE D'EPARGNE	416	20140619	606160	Carburant gazoil			6183007	20140619	GO	59,91	0,00			20141231		
CE	CAISSE D'EPARGNE	416	20140619	512100	Caisse d'épargne			6183007	20140619	GO	0,00	59,91			20141231		
CE	CAISSE D'EPARGNE	417	20140619	445660	Tva sur biens & services			6183007	20140619	GO	11,98	0,00	A	20141231	20141231		
CE	CAISSE D'EPARGNE	417	20140619	512100	Caisse d'épargne			6183007	20140619	GO	0,00	11,98			20141231		
CE	CAISSE D'EPARGNE	418	20140619	625100	Voyages et déplacements			51	20140619	VINCI Mai	37,00	0,00			20141231		
CE	CAISSE D'EPARGNE	418	20140619	512100	Caisse d'épargne			51	20140619	VINCI Mai	0,00	37,00			20141231		
CE	CAISSE D'EPARGNE	419	20140619	445660	Tva sur biens & services			51	20140619	VINCI Mai	7,40	0,00	A	20141231	20141231		
CE	CAISSE D'EPARGNE	419	20140619	512100	Caisse d'épargne			51	20140619	VINCI Mai	0,00	7,40			20141231		
CE	CAISSE D'EPARGNE	420	20140620	606160	Carburant gazoil			6183007	20140620	GO	31,81	0,00			20141231		
CE	CAISSE D'EPARGNE	420	20140620	512100	Caisse d'épargne			6183007	20140620	GO	0,00	31,81			20141231		
CE	CAISSE D'EPARGNE	421	20140620	445660	Tva sur biens & services			6183007	20140620	GO	6,36	0,00	A	20141231	20141231		
CE	CAISSE D'EPARGNE	421	20140620	512100	Caisse d'épargne			6183007	20140620	GO	0,00	6,36			20141231		
CE	CAISSE D'EPARGNE	422	20140620	646400	Rsi ava vieillesse urssaf mala			53	20140620	RSI	168,00	0,00			20141231		
CE	CAISSE D'EPARGNE	422	20140620	512100	Caisse d'épargne			53	20140620	RSI	0,00	168,00			20141231		
CE	CAISSE D'EPARGNE	423	20140620	164500	Emprunt 8234663			54	20140620	ECH PRET 8234663 DU 20/06/14	368,19	0,00			20141231		
CE	CAISSE D'EPARGNE	423	20140620	512100	Caisse d'épargne			54	20140620	ECH PRET 8234663 DU 20/06/14	0,00	368,19			20141231		
CE	CAISSE D'EPARGNE	424	20140620	661100	Intérêts sur emprunts			54	20140620	ECH PRET 8234663 DU 20/06/14	41,86	0,00			20141231		
CE	CAISSE D'EPARGNE	424	20140620	512100	Caisse d'épargne			54	20140620	ECH PRET 8234663 DU 20/06/14	0,00	41,86			20141231		
CE	CAISSE D'EPARGNE	425	20140620	616081	Assurance décès sur emprunt			55	20140620	BPCE	81,00	0,00			20141231		
CE	CAISSE D'EPARGNE	425	20140620	512100	Caisse d'épargne			55	20140620	BPCE	0,00	81,00			20141231		
CE	CAISSE D'EPARGNE	426	20140620	411000	Clients			56	20140620	C.P.A.M. BLOIS	0,00	1219,88	AQ	20140620	20141231		
CE	CAISSE D'EPARGNE	426	20140620	512100	Caisse d'épargne			56	20140620	C.P.A.M. BLOIS	1219,88	0,00			20141231		
CE	CAISSE D'EPARGNE	427	20140620	411000	Clients			57	20140620	CAISSE MUTUALITE SOCIA	0,00	1106,19	Z	20140630	20141231		
CE	CAISSE D'EPARGNE	427	20140620	512100	Caisse d'épargne			57	20140620	CAISSE MUTUALITE SOCIA	1106,19	0,00			20141231		
CE	CAISSE D'EPARGNE	428	20140620	411200	Client Bonin			58	20140620	RGF MFP BONIN ALAIN	0,00	99,54	C	20140630	20141231		
CE	CAISSE D'EPARGNE	428	20140620	512100	Caisse d'épargne			58	20140620	RGF MFP BONIN ALAIN	99,54	0,00			20141231		
CE	CAISSE D'EPARGNE	429	20140624	606160	Carburant gazoil			6183007	20140624	GO	39,93	0,00			20141231		
CE	CAISSE D'EPARGNE	429	20140624	512100	Caisse d'épargne			6183007	20140624	GO	0,00	39,93			20141231		
CE	CAISSE D'EPARGNE	430	20140624	445660	Tva sur biens & services			6183007	20140624	GO	7,99	0,00	A	20141231	20141231		
CE	CAISSE D'EPARGNE	430	20140624	512100	Caisse d'épargne			6183007	20140624	GO	0,00	7,99			20141231		
CE	CAISSE D'EPARGNE	431	20140624	606160	Carburant gazoil			6183007	20140624	GO	67,99	0,00			20141231		
CE	CAISSE D'EPARGNE	431	20140624	512100	Caisse d'épargne			6183007	20140624	GO	0,00	67,99			20141231		
CE	CAISSE D'EPARGNE	432	20140624	445660	Tva sur biens & services			6183007	20140624	GO	13,60	0,00	A	20141231	20141231		
CE	CAISSE D'EPARGNE	432	20140624	512100	Caisse d'épargne			6183007	20140624	GO	0,00	13,60			20141231		
CE	CAISSE D'EPARGNE	433	20140624	626200	Téléphone mobile			61	20140624	ORANGE Mobile Juin	62,70	0,00			20141231		
CE	CAISSE D'EPARGNE	433	20140624	512100	Caisse d'épargne			61	20140624	ORANGE Mobile Juin	0,00	62,70			20141231		
CE	CAISSE D'EPARGNE	434	20140624	445660	Tva sur biens & services			61	20140624	ORANGE Mobile Juin	12,54	0,00	A	20141231	20141231		
CE	CAISSE D'EPARGNE	434	20140624	512100	Caisse d'épargne			61	20140624	ORANGE Mobile Juin	0,00	12,54			20141231		
CE	CAISSE D'EPARGNE	435	20140624	411000	Clients			62	20140624	C.P.A.M. BLOIS	0,00	142,78	AI	20140624	20141231		
CE	CAISSE D'EPARGNE	435	20140624	512100	Caisse d'épargne			62	20140624	C.P.A.M. BLOIS	142,78	0,00			20141231		
CE	CAISSE D'EPARGNE	436	20140625	606160	Carburant gazoil			6183007	20140625	GO	25,03	0,00			20141231		
CE	CAISSE D'EPARGNE	436	20140625	512100	Caisse d'épargne			6183007	20140625	GO	0,00	25,03			20141231		
CE	CAISSE D'EPARGNE	437	20140625	445660	Tva sur biens & services			6183007	20140625	GO	5,01	0,00	A	20141231	20141231		
CE	CAISSE D'EPARGNE	437	20140625	512100	Caisse d'épargne			6183007	20140625	GO	0,00	5,01			20141231		
CE	CAISSE D'EPARGNE	438	20140625	622600	Honoraires comptables			64	20140625	FITECO 2ACPTE13	1050,00	0,00			20141231		
CE	CAISSE D'EPARGNE	438	20140625	512100	Caisse d'épargne			64	20140625	FITECO 2ACPTE13	0,00	1050,00			20141231		
CE	CAISSE D'EPARGNE	439	20140625	445660	Tva sur biens & services			64	20140625	FITECO	210,00	0,00	A	20141231	20141231		
CE	CAISSE D'EPARGNE	439	20140625	512100	Caisse d'épargne			64	20140625	FITECO	0,00	210,00			20141231		
CE	CAISSE D'EPARGNE	440	20140625	164502	Emprunt 8249866			65	20140625	ECH PRET 8249866 DU 25/06/14	811,39	0,00			20141231		
CE	CAISSE D'EPARGNE	440	20140625	512100	Caisse d'épargne			65	20140625	ECH PRET 8249866 DU 25/06/14	0,00	811,39			20141231		
CE	CAISSE D'EPARGNE	441	20140625	661100	Intérêts sur emprunts			65	20140625	ECH PRET 8249866 DU 25/06/14	103,43	0,00			20141231		
CE	CAISSE D'EPARGNE	441	20140625	512100	Caisse d'épargne			65	20140625	ECH PRET 8249866 DU 25/06/14	0,00	103,43			20141231		
CE	CAISSE D'EPARGNE	442	20140626	627800	Autres services bancaires			66	20140626	COMMISSION INTERVENTION	9,60	0,00			20141231		
CE	CAISSE D'EPARGNE	442	20140626	512100	Caisse d'épargne			66	20140626	COMMISSION INTERVENTION	0,00	9,60			20141231		
CE	CAISSE D'EPARGNE	443	20140626	411000	Clients			67	20140626	C.P.A.M. BLOIS	0,00	25,95			20141231		
CE	CAISSE D'EPARGNE	443	20140626	512100	Caisse d'épargne			67	20140626	C.P.A.M. BLOIS	25,95	0,00			20141231		
CE	CAISSE D'EPARGNE	444	20140628	606160	Carburant gazoil			6183007	20140628	GO	21,65	0,00			20141231		
CE	CAISSE D'EPARGNE	444	20140628	512100	Caisse d'épargne			6183007	20140628	GO	0,00	21,65			20141231		
CE	CAISSE D'EPARGNE	445	20140628	445660	Tva sur biens & services			6183007	20140628	GO	4,33	0,00	A	20141231	20141231		
CE	CAISSE D'EPARGNE	445	20140628	512100	Caisse d'épargne			6183007	20140628	GO	0,00	4,33			20141231		
CE	CAISSE D'EPARGNE	446	20140628	606160	Carburant gazoil			6183007	20140628	GO	31,37	0,00			20141231		
CE	CAISSE D'EPARGNE	446	20140628	512100	Caisse d'épargne			6183007	20140628	GO	0,00	31,37			20141231		
CE	CAISSE D'EPARGNE	447	20140628	445660	Tva sur biens & services			6183007	20140628	GO	6,27	0,00	A	20141231	20141231		
CE	CAISSE D'EPARGNE	447	20140628	512100	Caisse d'épargne			6183007	20140628	GO	0,00	6,27			20141231		
CE	CAISSE D'EPARGNE	448	20140630	411200	Client Bonin			70	20140630	RGF MFP BONIN ALAIN	0,00	995,45	C	20140630	20141231		
CE	CAISSE D'EPARGNE	448	20140630	512100	Caisse d'épargne			70	20140630	RGF MFP BONIN ALAIN	995,45	0,00			20141231		
CE	CAISSE D'EPARGNE	449	20140701	606160	Carburant gazoil			6183007	20140701	CB CARREFMARKETDAC TTC	66,56	0,00			20141231		
CE	CAISSE D'EPARGNE	449	20140701	512100	Caisse d'épargne			6183007	20140701	CB CARREFMARKETDAC TTC	0,00	66,56			20141231		
CE	CAISSE D'EPARGNE	450	20140701	108000	Compte de l'exploitant			72	20140701	SALAIRE	600,00	0,00			20141231		
CE	CAISSE D'EPARGNE	450	20140701	512100	Caisse d'épargne			72	20140701	SALAIRE	0,00	600,00			20141231		
CE	CAISSE D'EPARGNE	451	20140701	626200	Téléphone mobile			73	20140701	ORANGE Mobile Juin	5,30	0,00			20141231		
CE	CAISSE D'EPARGNE	451	20140701	512100	Caisse d'épargne			73	20140701	ORANGE Mobile Juin	0,00	5,30			20141231		
CE	CAISSE D'EPARGNE	452	20140701	445660	Tva sur biens & services			73	20140701	ORANGE Mobile Juin	1,06	0,00	A	20141231	20141231		
CE	CAISSE D'EPARGNE	452	20140701	512100	Caisse d'épargne			73	20140701	ORANGE Mobile Juin	0,00	1,06			20141231		
CE	CAISSE D'EPARGNE	453	20140701	627800	Autres services bancaires			74	20140701	COMMISSIONS	14,96	0,00			20141231		
CE	CAISSE D'EPARGNE	453	20140701	512100	Caisse d'épargne			74	20140701	COMMISSIONS	0,00	14,96			20141231		
CE	CAISSE D'EPARGNE	454	20140701	661600	Agios bancaires			75	20140701	INTERETS DEBITEURS	26,18	0,00			20141231		
CE	CAISSE D'EPARGNE	454	20140701	512100	Caisse d'épargne			75	20140701	INTERETS DEBITEURS	0,00	26,18			20141231		
CE	CAISSE D'EPARGNE	455	20140701	768000	Autres produits financiers			76	20140701	INTERETS CREDITEURS	0,00	1,18			20141231		
CE	CAISSE D'EPARGNE	455	20140701	512100	Caisse d'épargne			76	20140701	INTERETS CREDITEURS	1,18	0,00			20141231		
CE	CAISSE D'EPARGNE	456	20140701	411000	Clients			77	20140701	AMYCEL SARL	0,00	123,75	AJ	20140701	20141231		
CE	CAISSE D'EPARGNE	456	20140701	512100	Caisse d'épargne			77	20140701	AMYCEL SARL	123,75	0,00			20141231		
CE	CAISSE D'EPARGNE	457	20140702	625100	Voyages et déplacements			6183007	20140702	Péage	5,92	0,00			20141231		
CE	CAISSE D'EPARGNE	457	20140702	512100	Caisse d'épargne			6183007	20140702	Péage	0,00	5,92			20141231		
CE	CAISSE D'EPARGNE	458	20140702	445660	Tva sur biens & services			6183007	20140702	Péage	1,18	0,00	A	20141231	20141231		
CE	CAISSE D'EPARGNE	458	20140702	512100	Caisse d'épargne			6183007	20140702	Péage	0,00	1,18			20141231		
CE	CAISSE D'EPARGNE	459	20140702	606160	Carburant gazoil			6183007	20140702	GO	75,72	0,00			20141231		
CE	CAISSE D'EPARGNE	459	20140702	512100	Caisse d'épargne			6183007	20140702	GO	0,00	75,72			20141231		
CE	CAISSE D'EPARGNE	460	20140702	445660	Tva sur biens & services			6183007	20140702	GO	15,15	0,00	A	20141231	20141231		
CE	CAISSE D'EPARGNE	460	20140702	512100	Caisse d'épargne			6183007	20140702	GO	0,00	15,15			20141231		
CE	CAISSE D'EPARGNE	461	20140702	606160	Carburant gazoil			6183007	20140702	GO	35,97	0,00			20141231		
CE	CAISSE D'EPARGNE	461	20140702	512100	Caisse d'épargne			6183007	20140702	GO	0,00	35,97			20141231		
CE	CAISSE D'EPARGNE	462	20140702	445660	Tva sur biens & services			6183007	20140702	GO	7,19	0,00	A	20141231	20141231		
CE	CAISSE D'EPARGNE	462	20140702	512100	Caisse d'épargne			6183007	20140702	GO	0,00	7,19			20141231		
CE	CAISSE D'EPARGNE	463	20140702	627800	Autres services bancaires			81	20140702	COMMISSION INTERVENTION	9,60	0,00			20141231		
CE	CAISSE D'EPARGNE	463	20140702	512100	Caisse d'épargne			81	20140702	COMMISSION INTERVENTION	0,00	9,60			20141231		
CE	CAISSE D'EPARGNE	464	20140703	606160	Carburant gazoil			6183007	20140703	GO	75,72	0,00			20141231		
CE	CAISSE D'EPARGNE	464	20140703	512100	Caisse d'épargne			6183007	20140703	GO	0,00	75,72			20141231		
CE	CAISSE D'EPARGNE	465	20140703	445660	Tva sur biens & services			6183007	20140703	GO	15,14	0,00	A	20141231	20141231		
CE	CAISSE D'EPARGNE	465	20140703	512100	Caisse d'épargne			6183007	20140703	GO	0,00	15,14			20141231		
CE	CAISSE D'EPARGNE	466	20140703	606160	Carburant gazoil			6183007	20140703	GO	31,37	0,00			20141231		
CE	CAISSE D'EPARGNE	466	20140703	512100	Caisse d'épargne			6183007	20140703	GO	0,00	31,37			20141231		
CE	CAISSE D'EPARGNE	467	20140703	445660	Tva sur biens & services			6183007	20140703	GO	6,27	0,00	A	20141231	20141231		
CE	CAISSE D'EPARGNE	467	20140703	512100	Caisse d'épargne			6183007	20140703	GO	0,00	6,27			20141231		
CE	CAISSE D'EPARGNE	468	20140703	411000	Clients			84	20140703	CAISSE MUTUALITE SOCIA	0,00	737,46	AB	20140703	20141231		
CE	CAISSE D'EPARGNE	468	20140703	512100	Caisse d'épargne			84	20140703	CAISSE MUTUALITE SOCIA	737,46	0,00			20141231		
CE	CAISSE D'EPARGNE	469	20140703	411000	Clients			85	20140703	C.P.A.M. BLOIS	0,00	2688,24	AT	20140703	20141231		
CE	CAISSE D'EPARGNE	469	20140703	512100	Caisse d'épargne			85	20140703	C.P.A.M. BLOIS	2688,24	0,00			20141231		
CE	CAISSE D'EPARGNE	470	20140704	606160	Carburant gazoil			6183007	20140704	CB STATION INTERMA F. 020714 M JANN	71,45	0,00			20141231		
CE	CAISSE D'EPARGNE	470	20140704	512100	Caisse d'épargne			6183007	20140704	CB STATION INTERMA F. 020714 M JANN	0,00	71,45			20141231		
CE	CAISSE D'EPARGNE	471	20140704	445660	Tva sur biens & services			6183007	20140704	CB STATION INTERMA F. 020714 M JANN	14,29	0,00	A	20141231	20141231		
CE	CAISSE D'EPARGNE	471	20140704	512100	Caisse d'épargne			6183007	20140704	CB STATION INTERMA F. 020714 M JANN	0,00	14,29			20141231		
CE	CAISSE D'EPARGNE	472	20140704	411000	Clients			87	20140704	RAM PRESTATION CENTRE	0,00	142,78	Q	20140731	20141231		
CE	CAISSE D'EPARGNE	472	20140704	512100	Caisse d'épargne			87	20140704	RAM PRESTATION CENTRE	142,78	0,00			20141231		
CE	CAISSE D'EPARGNE	473	20140707	606160	Carburant gazoil			6183007	20140707	GO	42,93	0,00			20141231		
CE	CAISSE D'EPARGNE	473	20140707	512100	Caisse d'épargne			6183007	20140707	GO	0,00	42,93			20141231		
CE	CAISSE D'EPARGNE	474	20140707	445660	Tva sur biens & services			6183007	20140707	GO	8,59	0,00	A	20141231	20141231		
CE	CAISSE D'EPARGNE	474	20140707	512100	Caisse d'épargne			6183007	20140707	GO	0,00	8,59			20141231		
CE	CAISSE D'EPARGNE	475	20140709	606160	Carburant gazoil			6183007	20140709	GO	26,44	0,00			20141231		
CE	CAISSE D'EPARGNE	475	20140709	512100	Caisse d'épargne			6183007	20140709	GO	0,00	26,44			20141231		
CE	CAISSE D'EPARGNE	476	20140709	445660	Tva sur biens & services			6183007	20140709	GO	5,29	0,00	A	20141231	20141231		
CE	CAISSE D'EPARGNE	476	20140709	512100	Caisse d'épargne			6183007	20140709	GO	0,00	5,29			20141231		
CE	CAISSE D'EPARGNE	477	20140710	606160	Carburant gazoil			6183007	20140710	GO	66,75	0,00			20141231		
CE	CAISSE D'EPARGNE	477	20140710	512100	Caisse d'épargne			6183007	20140710	GO	0,00	66,75			20141231		
CE	CAISSE D'EPARGNE	478	20140710	445660	Tva sur biens & services			6183007	20140710	GO	13,35	0,00	A	20141231	20141231		
CE	CAISSE D'EPARGNE	478	20140710	512100	Caisse d'épargne			6183007	20140710	GO	0,00	13,35			20141231		
CE	CAISSE D'EPARGNE	479	20140710	606160	Carburant gazoil			6183007	20140710	GO	26,83	0,00			20141231		
CE	CAISSE D'EPARGNE	479	20140710	512100	Caisse d'épargne			6183007	20140710	GO	0,00	26,83			20141231		
CE	CAISSE D'EPARGNE	480	20140710	445660	Tva sur biens & services			6183007	20140710	GO	5,37	0,00	A	20141231	20141231		
CE	CAISSE D'EPARGNE	480	20140710	512100	Caisse d'épargne			6183007	20140710	GO	0,00	5,37			20141231		
CE	CAISSE D'EPARGNE	481	20140710	613500	Location adresse electronique			92	20140710	LOCAM	88,00	0,00			20141231		
CE	CAISSE D'EPARGNE	481	20140710	512100	Caisse d'épargne			92	20140710	LOCAM	0,00	88,00			20141231		
CE	CAISSE D'EPARGNE	482	20140710	445660	Tva sur biens & services			92	20140710	LOCAM	17,60	0,00	A	20141231	20141231		
CE	CAISSE D'EPARGNE	482	20140710	512100	Caisse d'épargne			92	20140710	LOCAM	0,00	17,60			20141231		
CE	CAISSE D'EPARGNE	483	20140711	615500	Entretien vehicules			6183007	20140711	ESP.AUTO LEVIER DE VITESSE	66,42	0,00			20141231		
CE	CAISSE D'EPARGNE	483	20140711	512100	Caisse d'épargne			6183007	20140711	ESP.AUTO LEVIER DE VITESSE	0,00	66,42			20141231		
CE	CAISSE D'EPARGNE	484	20140711	445660	Tva sur biens & services			6183007	20140711	ESP.AUTO LEVIER DE VITESSE	13,28	0,00	A	20141231	20141231		
CE	CAISSE D'EPARGNE	484	20140711	512100	Caisse d'épargne			6183007	20140711	ESP.AUTO LEVIER DE VITESSE	0,00	13,28			20141231		
CE	CAISSE D'EPARGNE	485	20140712	606160	Carburant gazoil			6183007	20140712	GO	25,64	0,00			20141231		
CE	CAISSE D'EPARGNE	485	20140712	512100	Caisse d'épargne			6183007	20140712	GO	0,00	25,64			20141231		
CE	CAISSE D'EPARGNE	486	20140712	445660	Tva sur biens & services			6183007	20140712	GO	5,13	0,00	A	20141231	20141231		
CE	CAISSE D'EPARGNE	486	20140712	512100	Caisse d'épargne			6183007	20140712	GO	0,00	5,13			20141231		
CE	CAISSE D'EPARGNE	487	20140714	606160	Carburant gazoil			6183007	20140714	GO	71,59	0,00			20141231		
CE	CAISSE D'EPARGNE	487	20140714	512100	Caisse d'épargne			6183007	20140714	GO	0,00	71,59			20141231		
CE	CAISSE D'EPARGNE	488	20140714	445660	Tva sur biens & services			6183007	20140714	GO	14,32	0,00	A	20141231	20141231		
CE	CAISSE D'EPARGNE	488	20140714	512100	Caisse d'épargne			6183007	20140714	GO	0,00	14,32			20141231		
CE	CAISSE D'EPARGNE	489	20140715	606160	Carburant gazoil			6183007	20140715	GO	50,18	0,00			20141231		
CE	CAISSE D'EPARGNE	489	20140715	512100	Caisse d'épargne			6183007	20140715	GO	0,00	50,18			20141231		
CE	CAISSE D'EPARGNE	490	20140715	445660	Tva sur biens & services			6183007	20140715	GO	10,04	0,00	A	20141231	20141231		
CE	CAISSE D'EPARGNE	490	20140715	512100	Caisse d'épargne			6183007	20140715	GO	0,00	10,04			20141231		
CE	CAISSE D'EPARGNE	491	20140715	606160	Carburant gazoil			6183007	20140715	GO	48,13	0,00			20141231		
CE	CAISSE D'EPARGNE	491	20140715	512100	Caisse d'épargne			6183007	20140715	GO	0,00	48,13			20141231		
CE	CAISSE D'EPARGNE	492	20140715	445660	Tva sur biens & services			6183007	20140715	GO	9,63	0,00	A	20141231	20141231		
CE	CAISSE D'EPARGNE	492	20140715	512100	Caisse d'épargne			6183007	20140715	GO	0,00	9,63			20141231		
CE	CAISSE D'EPARGNE	493	20140715	164503	Emprunt 8257883			98	20140715	ECH PRET 8257883 DU 15/07/14	172,33	0,00			20141231		
CE	CAISSE D'EPARGNE	493	20140715	512100	Caisse d'épargne			98	20140715	ECH PRET 8257883 DU 15/07/14	0,00	172,33			20141231		
CE	CAISSE D'EPARGNE	494	20140715	661100	Intérêts sur emprunts			98	20140715	ECH PRET 8257883 DU 15/07/14	12,35	0,00			20141231		
CE	CAISSE D'EPARGNE	494	20140715	512100	Caisse d'épargne			98	20140715	ECH PRET 8257883 DU 15/07/14	0,00	12,35			20141231		
CE	CAISSE D'EPARGNE	495	20140715	411000	Clients			99	20140715	AMYCEL	0,00	455,40	AK	20140715	20141231		
CE	CAISSE D'EPARGNE	495	20140715	512100	Caisse d'épargne			99	20140715	AMYCEL	455,40	0,00			20141231		
CE	CAISSE D'EPARGNE	496	20140716	606160	Carburant gazoil			6183007	20140716	GO	31,67	0,00			20141231		
CE	CAISSE D'EPARGNE	496	20140716	512100	Caisse d'épargne			6183007	20140716	GO	0,00	31,67			20141231		
CE	CAISSE D'EPARGNE	497	20140716	445660	Tva sur biens & services			6183007	20140716	GO	6,34	0,00	A	20141231	20141231		
CE	CAISSE D'EPARGNE	497	20140716	512100	Caisse d'épargne			6183007	20140716	GO	0,00	6,34			20141231		
CE	CAISSE D'EPARGNE	498	20140717	411000	Clients			101	20140717	C.P.A.M. BLOIS	0,00	982,56	AU	20140717	20141231		
CE	CAISSE D'EPARGNE	498	20140717	512100	Caisse d'épargne			101	20140717	C.P.A.M. BLOIS	982,56	0,00			20141231		
CE	CAISSE D'EPARGNE	499	20140718	606160	Carburant gazoil			6183007	20140718	GO	14,37	0,00			20141231		
CE	CAISSE D'EPARGNE	499	20140718	512100	Caisse d'épargne			6183007	20140718	GO	0,00	14,37			20141231		
CE	CAISSE D'EPARGNE	500	20140718	445660	Tva sur biens & services			6183007	20140718	GO	2,88	0,00	A	20141231	20141231		
CE	CAISSE D'EPARGNE	500	20140718	512100	Caisse d'épargne			6183007	20140718	GO	0,00	2,88			20141231		
CE	CAISSE D'EPARGNE	501	20140718	606160	Carburant gazoil			6183007	20140718	GO	45,23	0,00			20141231		
CE	CAISSE D'EPARGNE	501	20140718	512100	Caisse d'épargne			6183007	20140718	GO	0,00	45,23			20141231		
CE	CAISSE D'EPARGNE	502	20140718	445660	Tva sur biens & services			6183007	20140718	GO	9,05	0,00	A	20141231	20141231		
CE	CAISSE D'EPARGNE	502	20140718	512100	Caisse d'épargne			6183007	20140718	GO	0,00	9,05			20141231		
CE	CAISSE D'EPARGNE	503	20140718	625100	Voyages et déplacements			6183007	20140718	MARMITE EXPRESS 1 Repas	16,36	0,00			20141231		
CE	CAISSE D'EPARGNE	503	20140718	512100	Caisse d'épargne			6183007	20140718	MARMITE EXPRESS 1 Repas	0,00	16,36			20141231		
CE	CAISSE D'EPARGNE	504	20140718	445660	Tva sur biens & services			6183007	20140718	MARMITE EXPRESS 1 Repas 10%	1,64	0,00	A	20141231	20141231		
CE	CAISSE D'EPARGNE	504	20140718	512100	Caisse d'épargne			6183007	20140718	MARMITE EXPRESS 1 Repas 10%	0,00	1,64			20141231		
CE	CAISSE D'EPARGNE	505	20140718	625100	Voyages et déplacements			105	20140718	Péage 06/2014	78,59	0,00			20141231		
CE	CAISSE D'EPARGNE	505	20140718	512100	Caisse d'épargne			105	20140718	Péage 06/2014	0,00	78,59			20141231		
CE	CAISSE D'EPARGNE	506	20140718	445660	Tva sur biens & services			105	20140718	Péage	15,71	0,00	A	20141231	20141231		
CE	CAISSE D'EPARGNE	506	20140718	512100	Caisse d'épargne			105	20140718	Péage	0,00	15,71			20141231		
CE	CAISSE D'EPARGNE	507	20140718	616081	Assurance décès sur emprunt			106	20140718	BPCE	81,00	0,00			20141231		
CE	CAISSE D'EPARGNE	507	20140718	512100	Caisse d'épargne			106	20140718	BPCE	0,00	81,00			20141231		
CE	CAISSE D'EPARGNE	508	20140718	411000	Clients			107	20140718	CAISSE MUTUALITE SOCIA	0,00	737,46	AC	20140718	20141231		
CE	CAISSE D'EPARGNE	508	20140718	512100	Caisse d'épargne			107	20140718	CAISSE MUTUALITE SOCIA	737,46	0,00			20141231		
CE	CAISSE D'EPARGNE	509	20140718	411000	Clients			108	20140718	C.P.A.M. BLOIS	0,00	285,56	AV	20140731	20141231		
CE	CAISSE D'EPARGNE	509	20140718	512100	Caisse d'épargne			108	20140718	C.P.A.M. BLOIS	285,56	0,00			20141231		
CE	CAISSE D'EPARGNE	510	20140721	164500	Emprunt 8234663			109	20140721	ECH PRET 8234663 DU 20/07/14	369,00	0,00			20141231		
CE	CAISSE D'EPARGNE	510	20140721	512100	Caisse d'épargne			109	20140721	ECH PRET 8234663 DU 20/07/14	0,00	369,00			20141231		
CE	CAISSE D'EPARGNE	511	20140721	661100	Intérêts sur emprunts			109	20140721	ECH PRET 8234663 DU 20/07/14	41,05	0,00			20141231		
CE	CAISSE D'EPARGNE	511	20140721	512100	Caisse d'épargne			109	20140721	ECH PRET 8234663 DU 20/07/14	0,00	41,05			20141231		
CE	CAISSE D'EPARGNE	512	20140721	606160	Carburant gazoil			6183007	20140721	GO	54,99	0,00			20141231		
CE	CAISSE D'EPARGNE	512	20140721	512100	Caisse d'épargne			6183007	20140721	GO	0,00	54,99			20141231		
CE	CAISSE D'EPARGNE	513	20140721	445660	Tva sur biens & services			6183007	20140721	GO	11,00	0,00	A	20141231	20141231		
CE	CAISSE D'EPARGNE	513	20140721	512100	Caisse d'épargne			6183007	20140721	GO	0,00	11,00			20141231		
CE	CAISSE D'EPARGNE	514	20140721	606160	Carburant gazoil			6183007	20140721	GO	42,30	0,00			20141231		
CE	CAISSE D'EPARGNE	514	20140721	512100	Caisse d'épargne			6183007	20140721	GO	0,00	42,30			20141231		
CE	CAISSE D'EPARGNE	515	20140721	445660	Tva sur biens & services			6183007	20140721	GO	8,46	0,00	A	20141231	20141231		
CE	CAISSE D'EPARGNE	515	20140721	512100	Caisse d'épargne			6183007	20140721	GO	0,00	8,46			20141231		
CE	CAISSE D'EPARGNE	516	20140722	626200	Téléphone mobile			112	20140722	ORANGE Mobile Juillet	64,34	0,00			20141231		
CE	CAISSE D'EPARGNE	516	20140722	512100	Caisse d'épargne			112	20140722	ORANGE Mobile Juillet	0,00	64,34			20141231		
CE	CAISSE D'EPARGNE	517	20140722	445660	Tva sur biens & services			112	20140722	ORANGE Mobile Juillet	12,87	0,00	A	20141231	20141231		
CE	CAISSE D'EPARGNE	517	20140722	512100	Caisse d'épargne			112	20140722	ORANGE Mobile Juillet	0,00	12,87			20141231		
CE	CAISSE D'EPARGNE	518	20140722	646400	Rsi ava vieillesse urssaf mala			113	20140722	RSI	168,00	0,00			20141231		
CE	CAISSE D'EPARGNE	518	20140722	512100	Caisse d'épargne			113	20140722	RSI	0,00	168,00			20141231		
CE	CAISSE D'EPARGNE	519	20140723	411000	Clients			114	20140723	C.R.P.C.E.N	0,00	26,68	AL	20140723	20141231		
CE	CAISSE D'EPARGNE	519	20140723	512100	Caisse d'épargne			114	20140723	C.R.P.C.E.N	26,68	0,00			20141231		
CE	CAISSE D'EPARGNE	520	20140725	622600	Honoraires comptables			115	20140725	FITECO 3ACPTE13	1050,00	0,00			20141231		
CE	CAISSE D'EPARGNE	520	20140725	512100	Caisse d'épargne			115	20140725	FITECO 3ACPTE13	0,00	1050,00			20141231		
CE	CAISSE D'EPARGNE	521	20140725	445660	Tva sur biens & services			115	20140725	FITECO	210,00	0,00	A	20141231	20141231		
CE	CAISSE D'EPARGNE	521	20140725	512100	Caisse d'épargne			115	20140725	FITECO	0,00	210,00			20141231		
CE	CAISSE D'EPARGNE	522	20140725	164502	Emprunt 8249866			116	20140725	ECH PRET 8249866 DU 25/07/14	813,38	0,00			20141231		
CE	CAISSE D'EPARGNE	522	20140725	512100	Caisse d'épargne			116	20140725	ECH PRET 8249866 DU 25/07/14	0,00	813,38			20141231		
CE	CAISSE D'EPARGNE	523	20140725	661100	Intérêts sur emprunts			116	20140725	ECH PRET 8249866 DU 25/07/14	101,44	0,00			20141231		
CE	CAISSE D'EPARGNE	523	20140725	512100	Caisse d'épargne			116	20140725	ECH PRET 8249866 DU 25/07/14	0,00	101,44			20141231		
CE	CAISSE D'EPARGNE	524	20140728	606160	Carburant gazoil			6183007	20140728	GO	54,90	0,00			20141231		
CE	CAISSE D'EPARGNE	524	20140728	512100	Caisse d'épargne			6183007	20140728	GO	0,00	54,90			20141231		
CE	CAISSE D'EPARGNE	525	20140728	445660	Tva sur biens & services			6183007	20140728	GO	10,98	0,00	A	20141231	20141231		
CE	CAISSE D'EPARGNE	525	20140728	512100	Caisse d'épargne			6183007	20140728	GO	0,00	10,98			20141231		
CE	CAISSE D'EPARGNE	526	20140728	606160	Carburant gazoil			6183007	20140728	GO	27,56	0,00			20141231		
CE	CAISSE D'EPARGNE	526	20140728	512100	Caisse d'épargne			6183007	20140728	GO	0,00	27,56			20141231		
CE	CAISSE D'EPARGNE	527	20140728	445660	Tva sur biens & services			6183007	20140728	GO	5,51	0,00	A	20141231	20141231		
CE	CAISSE D'EPARGNE	527	20140728	512100	Caisse d'épargne			6183007	20140728	GO	0,00	5,51			20141231		
CE	CAISSE D'EPARGNE	528	20140728	411000	Clients			119	20140728	RGF MFP CRUZ ANTONIO	0,00	98,44	BH	20140728	20141231		
CE	CAISSE D'EPARGNE	528	20140728	512100	Caisse d'épargne			119	20140728	RGF MFP CRUZ ANTONIO	98,44	0,00			20141231		
CE	CAISSE D'EPARGNE	529	20140729	615500	Entretien vehicules			6183007	20140729	VPA SARL PLAQUETTES AK364HG	68,36	0,00			20141231		
CE	CAISSE D'EPARGNE	529	20140729	512100	Caisse d'épargne			6183007	20140729	VPA SARL PLAQUETTES AK364HG	0,00	68,36			20141231		
CE	CAISSE D'EPARGNE	530	20140729	445660	Tva sur biens & services			6183007	20140729	VPA SARL PLAQUETTES AK364HG	13,67	0,00	A	20141231	20141231		
CE	CAISSE D'EPARGNE	530	20140729	512100	Caisse d'épargne			6183007	20140729	VPA SARL PLAQUETTES AK364HG	0,00	13,67			20141231		
CE	CAISSE D'EPARGNE	531	20140729	615500	Entretien vehicules			6183007	20140729	VPA SARL LIQUIDE REFROIDISSEMENT	15,34	0,00			20141231		
CE	CAISSE D'EPARGNE	531	20140729	512100	Caisse d'épargne			6183007	20140729	VPA SARL LIQUIDE REFROIDISSEMENT	0,00	15,34			20141231		
CE	CAISSE D'EPARGNE	532	20140729	445660	Tva sur biens & services			6183007	20140729	VPA SARL LIQUIDE REFROIDISSEMENT	3,07	0,00	A	20141231	20141231		
CE	CAISSE D'EPARGNE	532	20140729	512100	Caisse d'épargne			6183007	20140729	VPA SARL LIQUIDE REFROIDISSEMENT	0,00	3,07			20141231		
CE	CAISSE D'EPARGNE	533	20140730	615500	Entretien vehicules			6183007	20140730	WARSEMANN DEPANNE AUTO TUYAU RADIATEUR	78,24	0,00			20141231		
CE	CAISSE D'EPARGNE	533	20140730	512100	Caisse d'épargne			6183007	20140730	WARSEMANN DEPANNE AUTO TUYAU RADIATEUR	0,00	78,24			20141231		
CE	CAISSE D'EPARGNE	534	20140730	445660	Tva sur biens & services			6183007	20140730	WARSEMANN DEPANNE AUTO TUYAU RADIATEUR	15,65	0,00	A	20141231	20141231		
CE	CAISSE D'EPARGNE	534	20140730	512100	Caisse d'épargne			6183007	20140730	WARSEMANN DEPANNE AUTO TUYAU RADIATEUR	0,00	15,65			20141231		
CE	CAISSE D'EPARGNE	535	20140731	606160	Carburant gazoil			6183007	20140731	GO	24,44	0,00			20141231		
CE	CAISSE D'EPARGNE	535	20140731	512100	Caisse d'épargne			6183007	20140731	GO	0,00	24,44			20141231		
CE	CAISSE D'EPARGNE	536	20140731	445660	Tva sur biens & services			6183007	20140731	GO	4,89	0,00	A	20141231	20141231		
CE	CAISSE D'EPARGNE	536	20140731	512100	Caisse d'épargne			6183007	20140731	GO	0,00	4,89			20141231		
CE	CAISSE D'EPARGNE	537	20140731	606160	Carburant gazoil			6183007	20140731	CB CARREFMARKETDAC TTC	71,40	0,00			20141231		
CE	CAISSE D'EPARGNE	537	20140731	512100	Caisse d'épargne			6183007	20140731	CB CARREFMARKETDAC TTC	0,00	71,40			20141231		
CE	CAISSE D'EPARGNE	538	20140801	606160	Carburant gazoil			6183007	20140801	GO	26,57	0,00			20141231		
CE	CAISSE D'EPARGNE	538	20140801	512100	Caisse d'épargne			6183007	20140801	GO	0,00	26,57			20141231		
CE	CAISSE D'EPARGNE	539	20140801	445660	Tva sur biens & services			6183007	20140801	GO	5,31	0,00	A	20141231	20141231		
CE	CAISSE D'EPARGNE	539	20140801	512100	Caisse d'épargne			6183007	20140801	GO	0,00	5,31			20141231		
CE	CAISSE D'EPARGNE	540	20140801	606160	Carburant gazoil			6183007	20140801	GO	38,31	0,00			20141231		
CE	CAISSE D'EPARGNE	540	20140801	512100	Caisse d'épargne			6183007	20140801	GO	0,00	38,31			20141231		
CE	CAISSE D'EPARGNE	541	20140801	445660	Tva sur biens & services			6183007	20140801	GO	7,66	0,00	A	20141231	20141231		
CE	CAISSE D'EPARGNE	541	20140801	512100	Caisse d'épargne			6183007	20140801	GO	0,00	7,66			20141231		
CE	CAISSE D'EPARGNE	542	20140801	108000	Compte de l'exploitant			126	20140801	SALAIRE	600,00	0,00			20141231		
CE	CAISSE D'EPARGNE	542	20140801	512100	Caisse d'épargne			126	20140801	SALAIRE	0,00	600,00			20141231		
CE	CAISSE D'EPARGNE	543	20140802	606160	Carburant gazoil			6183007	20140802	GO	27,67	0,00			20141231		
CE	CAISSE D'EPARGNE	543	20140802	512100	Caisse d'épargne			6183007	20140802	GO	0,00	27,67			20141231		
CE	CAISSE D'EPARGNE	544	20140802	445660	Tva sur biens & services			6183007	20140802	GO	5,54	0,00	A	20141231	20141231		
CE	CAISSE D'EPARGNE	544	20140802	512100	Caisse d'épargne			6183007	20140802	GO	0,00	5,54			20141231		
CE	CAISSE D'EPARGNE	545	20140802	606160	Carburant gazoil			6183007	20140802	GO	23,45	0,00			20141231		
CE	CAISSE D'EPARGNE	545	20140802	512100	Caisse d'épargne			6183007	20140802	GO	0,00	23,45			20141231		
CE	CAISSE D'EPARGNE	546	20140802	445660	Tva sur biens & services			6183007	20140802	GO	4,69	0,00	A	20141231	20141231		
CE	CAISSE D'EPARGNE	546	20140802	512100	Caisse d'épargne			6183007	20140802	GO	0,00	4,69			20141231		
CE	CAISSE D'EPARGNE	547	20140804	411000	Clients			129	20140804	LA CALHENE	0,00	500,06	BF	20141231	20141231		
CE	CAISSE D'EPARGNE	547	20140804	512100	Caisse d'épargne			129	20140804	LA CALHENE	500,06	0,00			20141231		
CE	CAISSE D'EPARGNE	548	20140805	606160	Carburant gazoil			6183007	20140805	GO	43,33	0,00			20141231		
CE	CAISSE D'EPARGNE	548	20140805	512100	Caisse d'épargne			6183007	20140805	GO	0,00	43,33			20141231		
CE	CAISSE D'EPARGNE	549	20140805	445660	Tva sur biens & services			6183007	20140805	GO	8,67	0,00	A	20141231	20141231		
CE	CAISSE D'EPARGNE	549	20140805	512100	Caisse d'épargne			6183007	20140805	GO	0,00	8,67			20141231		
CE	CAISSE D'EPARGNE	550	20140805	606160	Carburant gazoil			6183007	20140805	GO	63,35	0,00			20141231		
CE	CAISSE D'EPARGNE	550	20140805	512100	Caisse d'épargne			6183007	20140805	GO	0,00	63,35			20141231		
CE	CAISSE D'EPARGNE	551	20140805	445660	Tva sur biens & services			6183007	20140805	GO	12,67	0,00	A	20141231	20141231		
CE	CAISSE D'EPARGNE	551	20140805	512100	Caisse d'épargne			6183007	20140805	GO	0,00	12,67			20141231		
CE	CAISSE D'EPARGNE	552	20140805	626200	Téléphone mobile			132	20140805	ORANGE Mobile Juillet	5,30	0,00			20141231		
CE	CAISSE D'EPARGNE	552	20140805	512100	Caisse d'épargne			132	20140805	ORANGE Mobile Juillet	0,00	5,30			20141231		
CE	CAISSE D'EPARGNE	553	20140805	445660	Tva sur biens & services			132	20140805	ORANGE Mobile Juillet	1,06	0,00			20141231		
CE	CAISSE D'EPARGNE	553	20140805	512100	Caisse d'épargne			132	20140805	ORANGE Mobile Juillet	0,00	1,06			20141231		
CE	CAISSE D'EPARGNE	554	20140806	627800	Autres services bancaires			133	20140806	FORFAIT LIBRE CONVERGENCE 3T2014	65,11	0,00			20141231		
CE	CAISSE D'EPARGNE	554	20140806	512100	Caisse d'épargne			133	20140806	FORFAIT LIBRE CONVERGENCE 3T2014	0,00	65,11			20141231		
CE	CAISSE D'EPARGNE	555	20140806	445660	Tva sur biens & services			133	20140806	FORFAIT LIBRE CONVERGENCE 3T2014	2,72	0,00			20141231		
CE	CAISSE D'EPARGNE	555	20140806	512100	Caisse d'épargne			133	20140806	FORFAIT LIBRE CONVERGENCE 3T2014	0,00	2,72			20141231		
CE	CAISSE D'EPARGNE	556	20140806	411000	Clients			134	20140806	C.P.A.M. BLOIS	0,00	2103,16	AX	20140831	20141231		
CE	CAISSE D'EPARGNE	556	20140806	512100	Caisse d'épargne			134	20140806	C.P.A.M. BLOIS	2103,16	0,00			20141231		
CE	CAISSE D'EPARGNE	557	20140807	606160	Carburant gazoil			6183007	20140807	GO	57,89	0,00			20141231		
CE	CAISSE D'EPARGNE	557	20140807	512100	Caisse d'épargne			6183007	20140807	GO	0,00	57,89			20141231		
CE	CAISSE D'EPARGNE	558	20140807	445660	Tva sur biens & services			6183007	20140807	GO	11,58	0,00	A	20141231	20141231		
CE	CAISSE D'EPARGNE	558	20140807	512100	Caisse d'épargne			6183007	20140807	GO	0,00	11,58			20141231		
CE	CAISSE D'EPARGNE	559	20140807	606160	Carburant gazoil			6183007	20140807	GO	24,57	0,00			20141231		
CE	CAISSE D'EPARGNE	559	20140807	512100	Caisse d'épargne			6183007	20140807	GO	0,00	24,57			20141231		
CE	CAISSE D'EPARGNE	560	20140807	445660	Tva sur biens & services			6183007	20140807	GO	4,92	0,00			20141231		
CE	CAISSE D'EPARGNE	560	20140807	512100	Caisse d'épargne			6183007	20140807	GO	0,00	4,92			20141231		
CE	CAISSE D'EPARGNE	561	20140807	606300	Fournitures petits équipements			6183007	20140807	BRICO DEPOT Coudes + étagère	27,62	0,00			20141231		
CE	CAISSE D'EPARGNE	561	20140807	512100	Caisse d'épargne			6183007	20140807	BRICO DEPOT Coudes + étagère	0,00	27,62			20141231		
CE	CAISSE D'EPARGNE	562	20140807	445660	Tva sur biens & services			6183007	20140807	BRICO DEPOT Coudes + étagère	5,53	0,00			20141231		
CE	CAISSE D'EPARGNE	562	20140807	512100	Caisse d'épargne			6183007	20140807	BRICO DEPOT Coudes + étagère	0,00	5,53			20141231		
CE	CAISSE D'EPARGNE	563	20140807	411000	Clients			138	20140807	CAISSE MUTUALITE SOCIA	0,00	798,92	AM	20140831	20141231		
CE	CAISSE D'EPARGNE	563	20140807	512100	Caisse d'épargne			138	20140807	CAISSE MUTUALITE SOCIA	798,92	0,00			20141231		
CE	CAISSE D'EPARGNE	564	20140807	411000	Clients			139	20140807	LMG	0,00	300,30	BF	20141231	20141231		
CE	CAISSE D'EPARGNE	564	20140807	512100	Caisse d'épargne			139	20140807	LMG	300,30	0,00			20141231		
CE	CAISSE D'EPARGNE	565	20140808	625100	Voyages et déplacements			6183007	20140808	Péage	9,84	0,00			20141231		
CE	CAISSE D'EPARGNE	565	20140808	512100	Caisse d'épargne			6183007	20140808	Péage	0,00	9,84			20141231		
CE	CAISSE D'EPARGNE	566	20140808	445660	Tva sur biens & services			6183007	20140808	Péage	1,96	0,00			20141231		
CE	CAISSE D'EPARGNE	566	20140808	512100	Caisse d'épargne			6183007	20140808	Péage	0,00	1,96			20141231		
CE	CAISSE D'EPARGNE	567	20140812	606160	Carburant gazoil			6183007	20140812	GO	41,63	0,00			20141231		
CE	CAISSE D'EPARGNE	567	20140812	512100	Caisse d'épargne			6183007	20140812	GO	0,00	41,63			20141231		
CE	CAISSE D'EPARGNE	568	20140812	445660	Tva sur biens & services			6183007	20140812	GO	8,33	0,00			20141231		
CE	CAISSE D'EPARGNE	568	20140812	512100	Caisse d'épargne			6183007	20140812	GO	0,00	8,33			20141231		
CE	CAISSE D'EPARGNE	569	20140812	613500	Location adresse electronique			142	20140812	LOCAM	88,00	0,00			20141231		
CE	CAISSE D'EPARGNE	569	20140812	512100	Caisse d'épargne			142	20140812	LOCAM	0,00	88,00			20141231		
CE	CAISSE D'EPARGNE	570	20140812	445660	Tva sur biens & services			142	20140812	LOCAM	17,60	0,00			20141231		
CE	CAISSE D'EPARGNE	570	20140812	512100	Caisse d'épargne			142	20140812	LOCAM	0,00	17,60			20141231		
CE	CAISSE D'EPARGNE	571	20140815	164503	Emprunt 8257883			143	20140815	ECH PRET 8257883 DU 15/08/14	172,65	0,00			20141231		
CE	CAISSE D'EPARGNE	571	20140815	512100	Caisse d'épargne			143	20140815	ECH PRET 8257883 DU 15/08/14	0,00	172,65			20141231		
CE	CAISSE D'EPARGNE	572	20140815	661100	Intérêts sur emprunts			143	20140815	ECH PRET 8257883 DU 15/08/14	12,03	0,00			20141231		
CE	CAISSE D'EPARGNE	572	20140815	512100	Caisse d'épargne			143	20140815	ECH PRET 8257883 DU 15/08/14	0,00	12,03			20141231		
CE	CAISSE D'EPARGNE	573	20140816	606160	Carburant gazoil			6183007	20140816	GO	66,87	0,00			20141231		
CE	CAISSE D'EPARGNE	573	20140816	512100	Caisse d'épargne			6183007	20140816	GO	0,00	66,87			20141231		
CE	CAISSE D'EPARGNE	574	20140816	445660	Tva sur biens & services			6183007	20140816	GO	13,38	0,00			20141231		
CE	CAISSE D'EPARGNE	574	20140816	512100	Caisse d'épargne			6183007	20140816	GO	0,00	13,38			20141231		
CE	CAISSE D'EPARGNE	575	20140819	606160	Carburant gazoil			6183007	20140819	CB CARREFMARKETDAC TTC	48,00	0,00			20141231		
CE	CAISSE D'EPARGNE	575	20140819	512100	Caisse d'épargne			6183007	20140819	CB CARREFMARKETDAC TTC	0,00	48,00			20141231		
CE	CAISSE D'EPARGNE	576	20140819	606160	Carburant gazoil			6183007	20140819	GO	24,22	0,00			20141231		
CE	CAISSE D'EPARGNE	576	20140819	512100	Caisse d'épargne			6183007	20140819	GO	0,00	24,22			20141231		
CE	CAISSE D'EPARGNE	577	20140819	445660	Tva sur biens & services			6183007	20140819	GO	4,84	0,00			20141231		
CE	CAISSE D'EPARGNE	577	20140819	512100	Caisse d'épargne			6183007	20140819	GO	0,00	4,84			20141231		
CE	CAISSE D'EPARGNE	578	20140819	625100	Voyages et déplacements			147	20140819	VINCI Juillet	61,91	0,00			20141231		
CE	CAISSE D'EPARGNE	578	20140819	512100	Caisse d'épargne			147	20140819	VINCI Juillet	0,00	61,91			20141231		
CE	CAISSE D'EPARGNE	579	20140819	445660	Tva sur biens & services			147	20140819	VINCI Juillet	12,39	0,00			20141231		
CE	CAISSE D'EPARGNE	579	20140819	512100	Caisse d'épargne			147	20140819	VINCI Juillet	0,00	12,39			20141231		
CE	CAISSE D'EPARGNE	580	20140820	606160	Carburant gazoil			6183007	20140820	GO	10,65	0,00			20141231		
CE	CAISSE D'EPARGNE	580	20140820	512100	Caisse d'épargne			6183007	20140820	GO	0,00	10,65			20141231		
CE	CAISSE D'EPARGNE	581	20140820	445660	Tva sur biens & services			6183007	20140820	GO	2,13	0,00			20141231		
CE	CAISSE D'EPARGNE	581	20140820	512100	Caisse d'épargne			6183007	20140820	GO	0,00	2,13			20141231		
CE	CAISSE D'EPARGNE	582	20140820	646400	Rsi ava vieillesse urssaf mala			149	20140820	RSI	168,00	0,00			20141231		
CE	CAISSE D'EPARGNE	582	20140820	512100	Caisse d'épargne			149	20140820	RSI	0,00	168,00			20141231		
CE	CAISSE D'EPARGNE	583	20140820	164500	Emprunt 8234663			150	20140820	ECH PRET 8234663 DU 20/08/14	369,81	0,00			20141231		
CE	CAISSE D'EPARGNE	583	20140820	512100	Caisse d'épargne			150	20140820	ECH PRET 8234663 DU 20/08/14	0,00	369,81			20141231		
CE	CAISSE D'EPARGNE	584	20140820	661100	Intérêts sur emprunts			150	20140820	ECH PRET 8234663 DU 20/08/14	40,24	0,00			20141231		
CE	CAISSE D'EPARGNE	584	20140820	512100	Caisse d'épargne			150	20140820	ECH PRET 8234663 DU 20/08/14	0,00	40,24			20141231		
CE	CAISSE D'EPARGNE	585	20140821	606160	Carburant gazoil			6183007	20140821	GO	25,56	0,00			20141231		
CE	CAISSE D'EPARGNE	585	20140821	512100	Caisse d'épargne			6183007	20140821	GO	0,00	25,56			20141231		
CE	CAISSE D'EPARGNE	586	20140821	445660	Tva sur biens & services			6183007	20140821	GO	5,11	0,00			20141231		
CE	CAISSE D'EPARGNE	586	20140821	512100	Caisse d'épargne			6183007	20140821	GO	0,00	5,11			20141231		
CE	CAISSE D'EPARGNE	587	20140821	626200	Téléphone mobile			152	20140821	ORANGE Mobile Aout	76,25	0,00			20141231		
CE	CAISSE D'EPARGNE	587	20140821	512100	Caisse d'épargne			152	20140821	ORANGE Mobile Aout	0,00	76,25			20141231		
CE	CAISSE D'EPARGNE	588	20140821	445660	Tva sur biens & services			152	20140821	ORANGE Mobile Aout	15,25	0,00			20141231		
CE	CAISSE D'EPARGNE	588	20140821	512100	Caisse d'épargne			152	20140821	ORANGE Mobile Aout	0,00	15,25			20141231		
CE	CAISSE D'EPARGNE	589	20140822	606160	Carburant gazoil			6183007	20140822	GO	55,03	0,00			20141231		
CE	CAISSE D'EPARGNE	589	20140822	512100	Caisse d'épargne			6183007	20140822	GO	0,00	55,03			20141231		
CE	CAISSE D'EPARGNE	590	20140822	445660	Tva sur biens & services			6183007	20140822	GO	11,01	0,00			20141231		
CE	CAISSE D'EPARGNE	590	20140822	512100	Caisse d'épargne			6183007	20140822	GO	0,00	11,01			20141231		
CE	CAISSE D'EPARGNE	591	20140822	606160	Carburant gazoil			6183007	20140822	GO	48,87	0,00			20141231		
CE	CAISSE D'EPARGNE	591	20140822	512100	Caisse d'épargne			6183007	20140822	GO	0,00	48,87			20141231		
CE	CAISSE D'EPARGNE	592	20140822	445660	Tva sur biens & services			6183007	20140822	GO	9,78	0,00			20141231		
CE	CAISSE D'EPARGNE	592	20140822	512100	Caisse d'épargne			6183007	20140822	GO	0,00	9,78			20141231		
CE	CAISSE D'EPARGNE	593	20140822	616081	Assurance décès sur emprunt			155	20140822	BPCE	81,00	0,00			20141231		
CE	CAISSE D'EPARGNE	593	20140822	512100	Caisse d'épargne			155	20140822	BPCE	0,00	81,00			20141231		
CE	CAISSE D'EPARGNE	594	20140825	606160	Carburant gazoil			6183007	20140825	GO	22,21	0,00			20141231		
CE	CAISSE D'EPARGNE	594	20140825	512100	Caisse d'épargne			6183007	20140825	GO	0,00	22,21			20141231		
CE	CAISSE D'EPARGNE	595	20140825	445660	Tva sur biens & services			6183007	20140825	GO	4,44	0,00			20141231		
CE	CAISSE D'EPARGNE	595	20140825	512100	Caisse d'épargne			6183007	20140825	GO	0,00	4,44			20141231		
CE	CAISSE D'EPARGNE	596	20140825	164502	Emprunt 8249866			157	20140825	ECH PRET 8249866 DU 25/08/14	815,38	0,00			20141231		
CE	CAISSE D'EPARGNE	596	20140825	512100	Caisse d'épargne			157	20140825	ECH PRET 8249866 DU 25/08/14	0,00	815,38			20141231		
CE	CAISSE D'EPARGNE	597	20140825	661100	Intérêts sur emprunts			157	20140825	ECH PRET 8249866 DU 25/08/14	99,44	0,00			20141231		
CE	CAISSE D'EPARGNE	597	20140825	512100	Caisse d'épargne			157	20140825	ECH PRET 8249866 DU 25/08/14	0,00	99,44			20141231		
CE	CAISSE D'EPARGNE	598	20140825	411000	Clients			158	20140825	TRESORERIE DE MOREE	0,00	1044,12	BA	20141031	20141231		
CE	CAISSE D'EPARGNE	598	20140825	512100	Caisse d'épargne			158	20140825	TRESORERIE DE MOREE	1044,12	0,00			20141231		
CE	CAISSE D'EPARGNE	599	20140826	606160	Carburant gazoil			6183007	20140826	GO	21,10	0,00			20141231		
CE	CAISSE D'EPARGNE	599	20140826	512100	Caisse d'épargne			6183007	20140826	GO	0,00	21,10			20141231		
CE	CAISSE D'EPARGNE	600	20140826	445660	Tva sur biens & services			6183007	20140826	GO	4,22	0,00			20141231		
CE	CAISSE D'EPARGNE	600	20140826	512100	Caisse d'épargne			6183007	20140826	GO	0,00	4,22			20141231		
CE	CAISSE D'EPARGNE	601	20140828	606160	Carburant gazoil			6183007	20140828	GO	13,72	0,00			20141231		
CE	CAISSE D'EPARGNE	601	20140828	512100	Caisse d'épargne			6183007	20140828	GO	0,00	13,72			20141231		
CE	CAISSE D'EPARGNE	602	20140828	445660	Tva sur biens & services			6183007	20140828	GO	2,74	0,00			20141231		
CE	CAISSE D'EPARGNE	602	20140828	512100	Caisse d'épargne			6183007	20140828	GO	0,00	2,74			20141231		
CE	CAISSE D'EPARGNE	603	20140828	218200	Materiel de transport			0000325	20140828	AD KANGOO AK364HG PRGM TAXI	363,81	0,00			20141231		
CE	CAISSE D'EPARGNE	603	20140828	512100	Caisse d'épargne			0000325	20140828	AD KANGOO AK364HG PRGM TAXI	0,00	363,81			20141231		
CE	CAISSE D'EPARGNE	604	20140828	445660	Tva sur biens & services			0000325	20140828	AD KANGOO AK364HG PRGM TAXI	72,76	0,00			20141231		
CE	CAISSE D'EPARGNE	604	20140828	512100	Caisse d'épargne			0000325	20140828	AD KANGOO AK364HG PRGM TAXI	0,00	72,76			20141231		
CE	CAISSE D'EPARGNE	605	20140829	606160	Carburant gazoil			6183007	20140829	GO	55,62	0,00			20141231		
CE	CAISSE D'EPARGNE	605	20140829	512100	Caisse d'épargne			6183007	20140829	GO	0,00	55,62			20141231		
CE	CAISSE D'EPARGNE	606	20140829	445660	Tva sur biens & services			6183007	20140829	GO	11,12	0,00			20141231		
CE	CAISSE D'EPARGNE	606	20140829	512100	Caisse d'épargne			6183007	20140829	GO	0,00	11,12			20141231		
CE	CAISSE D'EPARGNE	607	20140830	606160	Carburant gazoil			6183007	20140830	GO	43,26	0,00			20141231		
CE	CAISSE D'EPARGNE	607	20140830	512100	Caisse d'épargne			6183007	20140830	GO	0,00	43,26			20141231		
CE	CAISSE D'EPARGNE	608	20140830	445660	Tva sur biens & services			6183007	20140830	GO	8,65	0,00			20141231		
CE	CAISSE D'EPARGNE	608	20140830	512100	Caisse d'épargne			6183007	20140830	GO	0,00	8,65			20141231		
CE	CAISSE D'EPARGNE	609	20140830	606160	Carburant gazoil			6183007	20140830	GO	58,07	0,00			20141231		
CE	CAISSE D'EPARGNE	609	20140830	512100	Caisse d'épargne			6183007	20140830	GO	0,00	58,07			20141231		
CE	CAISSE D'EPARGNE	610	20140830	445660	Tva sur biens & services			6183007	20140830	GO	11,62	0,00			20141231		
CE	CAISSE D'EPARGNE	610	20140830	512100	Caisse d'épargne			6183007	20140830	GO	0,00	11,62			20141231		
CE	CAISSE D'EPARGNE	611	20140901	606160	Carburant gazoil			6183007	20140901	GO	36,97	0,00			20141231		
CE	CAISSE D'EPARGNE	611	20140901	512100	Caisse d'épargne			6183007	20140901	GO	0,00	36,97			20141231		
CE	CAISSE D'EPARGNE	612	20140901	445660	Tva sur biens & services			6183007	20140901	GO	7,39	0,00			20141231		
CE	CAISSE D'EPARGNE	612	20140901	512100	Caisse d'épargne			6183007	20140901	GO	0,00	7,39			20141231		
CE	CAISSE D'EPARGNE	613	20140901	108000	Compte de l'exploitant			166	20140901	SALAIRE	600,00	0,00			20141231		
CE	CAISSE D'EPARGNE	613	20140901	512100	Caisse d'épargne			166	20140901	SALAIRE	0,00	600,00			20141231		
CE	CAISSE D'EPARGNE	614	20140902	625100	Voyages et déplacements			6183007	20140902	LE POGGIO 1 repas	30,45	0,00			20141231		
CE	CAISSE D'EPARGNE	614	20140902	512100	Caisse d'épargne			6183007	20140902	LE POGGIO 1 repas	0,00	30,45			20141231		
CE	CAISSE D'EPARGNE	615	20140902	445660	Tva sur biens & services			6183007	20140902	LE POGGIO 1 repas 10%	3,05	0,00			20141231		
CE	CAISSE D'EPARGNE	615	20140902	512100	Caisse d'épargne			6183007	20140902	LE POGGIO 1 repas 10%	0,00	3,05			20141231		
CE	CAISSE D'EPARGNE	616	20140902	626200	Téléphone mobile			168	20140902	ORANGE Mobile Aout	5,30	0,00			20141231		
CE	CAISSE D'EPARGNE	616	20140902	512100	Caisse d'épargne			168	20140902	ORANGE Mobile Aout	0,00	5,30			20141231		
CE	CAISSE D'EPARGNE	617	20140902	445660	Tva sur biens & services			168	20140902	ORANGE Mobile Aout	1,06	0,00			20141231		
CE	CAISSE D'EPARGNE	617	20140902	512100	Caisse d'épargne			168	20140902	ORANGE Mobile Aout	0,00	1,06			20141231		
CE	CAISSE D'EPARGNE	618	20140903	615500	Entretien vehicules			6183007	20140903	MASTER FOREST AMORT+JUMELLES WW	155,46	0,00			20141231		
CE	CAISSE D'EPARGNE	618	20140903	512100	Caisse d'épargne			6183007	20140903	MASTER FOREST AMORT+JUMELLES WW	0,00	155,46			20141231		
CE	CAISSE D'EPARGNE	619	20140903	445660	Tva sur biens & services			6183007	20140903	MASTER FOREST AMORT+JUMELLES WW	16,54	0,00			20141231		
CE	CAISSE D'EPARGNE	619	20140903	512100	Caisse d'épargne			6183007	20140903	MASTER FOREST AMORT+JUMELLES WW	0,00	16,54			20141231		
CE	CAISSE D'EPARGNE	620	20140903	606160	Carburant gazoil			6183007	20140903	GO	48,64	0,00			20141231		
CE	CAISSE D'EPARGNE	620	20140903	512100	Caisse d'épargne			6183007	20140903	GO	0,00	48,64			20141231		
CE	CAISSE D'EPARGNE	621	20140903	445660	Tva sur biens & services			6183007	20140903	GO	9,73	0,00			20141231		
CE	CAISSE D'EPARGNE	621	20140903	512100	Caisse d'épargne			6183007	20140903	GO	0,00	9,73			20141231		
CE	CAISSE D'EPARGNE	622	20140903	625100	Voyages et déplacements			6183007	20140903	BUFFALO 1 repas	14,36	0,00			20141231		
CE	CAISSE D'EPARGNE	622	20140903	512100	Caisse d'épargne			6183007	20140903	BUFFALO 1 repas	0,00	14,36			20141231		
CE	CAISSE D'EPARGNE	623	20140903	445660	Tva sur biens & services			6183007	20140903	BUFFALO 1 repas 10%	1,44	0,00			20141231		
CE	CAISSE D'EPARGNE	623	20140903	512100	Caisse d'épargne			6183007	20140903	BUFFALO 1 repas 10%	0,00	1,44			20141231		
CE	CAISSE D'EPARGNE	624	20140903	606300	Fournitures petits équipements			6183007	20140903	DARTY GSM THOMS	37,42	0,00			20141231		
CE	CAISSE D'EPARGNE	624	20140903	512100	Caisse d'épargne			6183007	20140903	DARTY GSM THOMS	0,00	37,42			20141231		
CE	CAISSE D'EPARGNE	625	20140903	445660	Tva sur biens & services			6183007	20140903	DARTY GSM THOMS	7,48	0,00			20141231		
CE	CAISSE D'EPARGNE	625	20140903	512100	Caisse d'épargne			6183007	20140903	DARTY GSM THOMS	0,00	7,48			20141231		
CE	CAISSE D'EPARGNE	626	20140905	606160	Carburant gazoil			6183007	20140905	GO	19,03	0,00			20141231		
CE	CAISSE D'EPARGNE	626	20140905	512100	Caisse d'épargne			6183007	20140905	GO	0,00	19,03			20141231		
CE	CAISSE D'EPARGNE	627	20140905	445660	Tva sur biens & services			6183007	20140905	GO	3,81	0,00			20141231		
CE	CAISSE D'EPARGNE	627	20140905	512100	Caisse d'épargne			6183007	20140905	GO	0,00	3,81			20141231		
CE	CAISSE D'EPARGNE	628	20140905	616000	Assurance covea			0000326	20140905	COVEA 01/07/2014-30/09/2014	545,00	0,00			20141231		
CE	CAISSE D'EPARGNE	628	20140905	512100	Caisse d'épargne			0000326	20140905	COVEA 01/07/2014-30/09/2014	0,00	545,00			20141231		
CE	CAISSE D'EPARGNE	629	20140906	626201	Téléphone fixe et internet			6183007	20140906	FTELECOMF. 07/2014	35,75	0,00			20141231		
CE	CAISSE D'EPARGNE	629	20140906	512100	Caisse d'épargne			6183007	20140906	FTELECOMF. 07/2014	0,00	35,75			20141231		
CE	CAISSE D'EPARGNE	630	20140906	445660	Tva sur biens & services			6183007	20140906	FTELECOMF. 07/2014	7,15	0,00			20141231		
CE	CAISSE D'EPARGNE	630	20140906	512100	Caisse d'épargne			6183007	20140906	FTELECOMF. 07/2014	0,00	7,15			20141231		
CE	CAISSE D'EPARGNE	631	20140906	626201	Téléphone fixe et internet			6183007	20140906	FTELECOMF. 08/2014	35,75	0,00			20141231		
CE	CAISSE D'EPARGNE	631	20140906	512100	Caisse d'épargne			6183007	20140906	FTELECOMF. 08/2014	0,00	35,75			20141231		
CE	CAISSE D'EPARGNE	632	20140906	445660	Tva sur biens & services			6183007	20140906	FTELECOMF. 08/2014	7,15	0,00			20141231		
CE	CAISSE D'EPARGNE	632	20140906	512100	Caisse d'épargne			6183007	20140906	FTELECOMF. 08/2014	0,00	7,15			20141231		
CE	CAISSE D'EPARGNE	633	20140908	606160	Carburant gazoil			6183007	20140908	GO	28,02	0,00			20141231		
CE	CAISSE D'EPARGNE	633	20140908	512100	Caisse d'épargne			6183007	20140908	GO	0,00	28,02			20141231		
CE	CAISSE D'EPARGNE	634	20140908	445660	Tva sur biens & services			6183007	20140908	GO	5,60	0,00			20141231		
CE	CAISSE D'EPARGNE	634	20140908	512100	Caisse d'épargne			6183007	20140908	GO	0,00	5,60			20141231		
CE	CAISSE D'EPARGNE	635	20140909	606160	Carburant gazoil			6183007	20140909	GO	9,35	0,00			20141231		
CE	CAISSE D'EPARGNE	635	20140909	512100	Caisse d'épargne			6183007	20140909	GO	0,00	9,35			20141231		
CE	CAISSE D'EPARGNE	636	20140909	445660	Tva sur biens & services			6183007	20140909	GO	1,87	0,00			20141231		
CE	CAISSE D'EPARGNE	636	20140909	512100	Caisse d'épargne			6183007	20140909	GO	0,00	1,87			20141231		
CE	CAISSE D'EPARGNE	637	20140909	606160	Carburant gazoil			6183007	20140909	GO	77,57	0,00			20141231		
CE	CAISSE D'EPARGNE	637	20140909	512100	Caisse d'épargne			6183007	20140909	GO	0,00	77,57			20141231		
CE	CAISSE D'EPARGNE	638	20140909	445660	Tva sur biens & services			6183007	20140909	GO	15,52	0,00			20141231		
CE	CAISSE D'EPARGNE	638	20140909	512100	Caisse d'épargne			6183007	20140909	GO	0,00	15,52			20141231		
CE	CAISSE D'EPARGNE	639	20140909	606160	Carburant gazoil			6183007	20140909	GO	49,88	0,00			20141231		
CE	CAISSE D'EPARGNE	639	20140909	512100	Caisse d'épargne			6183007	20140909	GO	0,00	49,88			20141231		
CE	CAISSE D'EPARGNE	640	20140909	445660	Tva sur biens & services			6183007	20140909	GO	9,98	0,00			20141231		
CE	CAISSE D'EPARGNE	640	20140909	512100	Caisse d'épargne			6183007	20140909	GO	0,00	9,98			20141231		
CE	CAISSE D'EPARGNE	641	20140909	606160	Carburant gazoil			6183007	20140909	GO	12,49	0,00			20141231		
CE	CAISSE D'EPARGNE	641	20140909	512100	Caisse d'épargne			6183007	20140909	GO	0,00	12,49			20141231		
CE	CAISSE D'EPARGNE	642	20140909	445660	Tva sur biens & services			6183007	20140909	GO	2,50	0,00			20141231		
CE	CAISSE D'EPARGNE	642	20140909	512100	Caisse d'épargne			6183007	20140909	GO	0,00	2,50			20141231		
CE	CAISSE D'EPARGNE	643	20140910	606160	Carburant gazoil			6183007	20140910	GO	36,45	0,00			20141231		
CE	CAISSE D'EPARGNE	643	20140910	512100	Caisse d'épargne			6183007	20140910	GO	0,00	36,45			20141231		
CE	CAISSE D'EPARGNE	644	20140910	445660	Tva sur biens & services			6183007	20140910	GO	7,29	0,00			20141231		
CE	CAISSE D'EPARGNE	644	20140910	512100	Caisse d'épargne			6183007	20140910	GO	0,00	7,29			20141231		
CE	CAISSE D'EPARGNE	645	20140910	613500	Location adresse electronique			182	20140910	LOCAM	88,00	0,00			20141231		
CE	CAISSE D'EPARGNE	645	20140910	512100	Caisse d'épargne			182	20140910	LOCAM	0,00	88,00			20141231		
CE	CAISSE D'EPARGNE	646	20140910	445660	Tva sur biens & services			182	20140910	LOCAM	17,60	0,00			20141231		
CE	CAISSE D'EPARGNE	646	20140910	512100	Caisse d'épargne			182	20140910	LOCAM	0,00	17,60			20141231		
CE	CAISSE D'EPARGNE	647	20140911	627800	Autres services bancaires			183	20140911	COMMISSION INTERVENTION	9,60	0,00			20141231		
CE	CAISSE D'EPARGNE	647	20140911	512100	Caisse d'épargne			183	20140911	COMMISSION INTERVENTION	0,00	9,60			20141231		
CE	CAISSE D'EPARGNE	648	20140912	108000	Compte de l'exploitant			0000327	20140912	LIGHTWAY PUITS DE LUMIERE PERSO	610,88	0,00			20141231		
CE	CAISSE D'EPARGNE	648	20140912	512100	Caisse d'épargne			0000327	20140912	LIGHTWAY PUITS DE LUMIERE PERSO	0,00	610,88			20141231		
CE	CAISSE D'EPARGNE	649	20140913	606160	Carburant gazoil			6183007	20140913	GO	24,32	0,00			20141231		
CE	CAISSE D'EPARGNE	649	20140913	512100	Caisse d'épargne			6183007	20140913	GO	0,00	24,32			20141231		
CE	CAISSE D'EPARGNE	650	20140913	445660	Tva sur biens & services			6183007	20140913	GO	4,87	0,00			20141231		
CE	CAISSE D'EPARGNE	650	20140913	512100	Caisse d'épargne			6183007	20140913	GO	0,00	4,87			20141231		
CE	CAISSE D'EPARGNE	651	20140913	606160	Carburant gazoil			6183007	20140913	GO	48,80	0,00			20141231		
CE	CAISSE D'EPARGNE	651	20140913	512100	Caisse d'épargne			6183007	20140913	GO	0,00	48,80			20141231		
CE	CAISSE D'EPARGNE	652	20140913	445660	Tva sur biens & services			6183007	20140913	GO	9,76	0,00			20141231		
CE	CAISSE D'EPARGNE	652	20140913	512100	Caisse d'épargne			6183007	20140913	GO	0,00	9,76			20141231		
CE	CAISSE D'EPARGNE	653	20140913	627800	Autres services bancaires			187	20140913	COMMISSION INTERVENTION	9,60	0,00			20141231		
CE	CAISSE D'EPARGNE	653	20140913	512100	Caisse d'épargne			187	20140913	COMMISSION INTERVENTION	0,00	9,60			20141231		
CE	CAISSE D'EPARGNE	654	20140915	625100	Voyages et déplacements			6183007	20140915	MARMITE EXPRESS 2 repas	25,36	0,00			20141231		
CE	CAISSE D'EPARGNE	654	20140915	512100	Caisse d'épargne			6183007	20140915	MARMITE EXPRESS 2 repas	0,00	25,36			20141231		
CE	CAISSE D'EPARGNE	655	20140915	445660	Tva sur biens & services			6183007	20140915	MARMITE EXPRESS 2 repas 10%	2,54	0,00			20141231		
CE	CAISSE D'EPARGNE	655	20140915	512100	Caisse d'épargne			6183007	20140915	MARMITE EXPRESS 2 repas 10%	0,00	2,54			20141231		
CE	CAISSE D'EPARGNE	656	20140916	625100	Voyages et déplacements			6183007	20140916	Péage	9,84	0,00			20141231		
CE	CAISSE D'EPARGNE	656	20140916	512100	Caisse d'épargne			6183007	20140916	Péage	0,00	9,84			20141231		
CE	CAISSE D'EPARGNE	657	20140916	445660	Tva sur biens & services			6183007	20140916	Péage	1,96	0,00			20141231		
CE	CAISSE D'EPARGNE	657	20140916	512100	Caisse d'épargne			6183007	20140916	Péage	0,00	1,96			20141231		
CE	CAISSE D'EPARGNE	658	20140916	606160	Carburant gazoil			6183007	20140916	GO	58,34	0,00			20141231		
CE	CAISSE D'EPARGNE	658	20140916	512100	Caisse d'épargne			6183007	20140916	GO	0,00	58,34			20141231		
CE	CAISSE D'EPARGNE	659	20140916	445660	Tva sur biens & services			6183007	20140916	GO	11,67	0,00			20141231		
CE	CAISSE D'EPARGNE	659	20140916	512100	Caisse d'épargne			6183007	20140916	GO	0,00	11,67			20141231		
CE	CAISSE D'EPARGNE	660	20140919	606160	Carburant gazoil			6183007	20140919	go	54,99	0,00			20141231		
CE	CAISSE D'EPARGNE	660	20140919	512100	Caisse d'épargne			6183007	20140919	go	0,00	54,99			20141231		
CE	CAISSE D'EPARGNE	661	20140919	445660	Tva sur biens & services			6183007	20140919	go	11,00	0,00			20141231		
CE	CAISSE D'EPARGNE	661	20140919	512100	Caisse d'épargne			6183007	20140919	go	0,00	11,00			20141231		
CE	CAISSE D'EPARGNE	662	20140919	616081	Assurance décès sur emprunt			192	20140919	BPCE	81,00	0,00			20141231		
CE	CAISSE D'EPARGNE	662	20140919	512100	Caisse d'épargne			192	20140919	BPCE	0,00	81,00			20141231		
CE	CAISSE D'EPARGNE	663	20140923	625100	Voyages et déplacements			193	20140923	VINCI Aout	143,67	0,00			20141231		
CE	CAISSE D'EPARGNE	663	20140923	512100	Caisse d'épargne			193	20140923	VINCI Aout	0,00	143,67			20141231		
CE	CAISSE D'EPARGNE	664	20140923	445660	Tva sur biens & services			193	20140923	VINCI Aout	28,73	0,00			20141231		
CE	CAISSE D'EPARGNE	664	20140923	512100	Caisse d'épargne			193	20140923	VINCI Aout	0,00	28,73			20141231		
CE	CAISSE D'EPARGNE	665	20140923	646400	Rsi ava vieillesse urssaf mala			194	20140923	RSI	168,00	0,00			20141231		
CE	CAISSE D'EPARGNE	665	20140923	512100	Caisse d'épargne			194	20140923	RSI	0,00	168,00			20141231		
CE	CAISSE D'EPARGNE	666	20140923	626200	Téléphone mobile			195	20140923	ORANGE Mobile Septembre	64,09	0,00			20141231		
CE	CAISSE D'EPARGNE	666	20140923	512100	Caisse d'épargne			195	20140923	ORANGE Mobile Septembre	0,00	64,09			20141231		
CE	CAISSE D'EPARGNE	667	20140923	445660	Tva sur biens & services			195	20140923	ORANGE Mobile Septembre	12,82	0,00			20141231		
CE	CAISSE D'EPARGNE	667	20140923	512100	Caisse d'épargne			195	20140923	ORANGE Mobile Septembre	0,00	12,82			20141231		
CE	CAISSE D'EPARGNE	668	20140923	615500	Entretien vehicules			6183007	20140923	CB PAYPAL PIECES AUTO	19,80	0,00			20141231		
CE	CAISSE D'EPARGNE	668	20140923	512100	Caisse d'épargne			6183007	20140923	CB PAYPAL PIECES AUTO	0,00	19,80			20141231		
CE	CAISSE D'EPARGNE	669	20140924	627800	Autres services bancaires			197	20140924	COMMISSION INTERVENTION	28,80	0,00			20141231		
CE	CAISSE D'EPARGNE	669	20140924	512100	Caisse d'épargne			197	20140924	COMMISSION INTERVENTION	0,00	28,80			20141231		
CE	CAISSE D'EPARGNE	670	20140924	411000	Clients			198	20140924	C.P.A.M. BLOIS	0,00	4235,94			20141231		
CE	CAISSE D'EPARGNE	670	20140924	512100	Caisse d'épargne			198	20140924	C.P.A.M. BLOIS	4235,94	0,00			20141231		
CE	CAISSE D'EPARGNE	671	20140925	625100	Voyages et déplacements			6183007	20140925	ROYAL BUFFET 1 repas	15,73	0,00			20141231		
CE	CAISSE D'EPARGNE	671	20140925	512100	Caisse d'épargne			6183007	20140925	ROYAL BUFFET 1 repas	0,00	15,73			20141231		
CE	CAISSE D'EPARGNE	672	20140925	445660	Tva sur biens & services			6183007	20140925	ROYAL BUFFET 1 repas 10%	1,57	0,00			20141231		
CE	CAISSE D'EPARGNE	672	20140925	512100	Caisse d'épargne			6183007	20140925	ROYAL BUFFET 1 repas 10%	0,00	1,57			20141231		
CE	CAISSE D'EPARGNE	673	20140925	164503	Emprunt 8257883			200	20140925	ECHEANCE PRET 8257883	172,98	0,00			20141231		
CE	CAISSE D'EPARGNE	673	20140925	512100	Caisse d'épargne			200	20140925	ECHEANCE PRET 8257883	0,00	172,98			20141231		
CE	CAISSE D'EPARGNE	674	20140925	661100	Intérêts sur emprunts			200	20140925	ECHEANCE PRET 8257883	11,70	0,00			20141231		
CE	CAISSE D'EPARGNE	674	20140925	512100	Caisse d'épargne			200	20140925	ECHEANCE PRET 8257883	0,00	11,70			20141231		
CE	CAISSE D'EPARGNE	675	20140925	164500	Emprunt 8234663			201	20140925	ECH PRET 8234663 DU 25/09/14	370,63	0,00			20141231		
CE	CAISSE D'EPARGNE	675	20140925	512100	Caisse d'épargne			201	20140925	ECH PRET 8234663 DU 25/09/14	0,00	370,63			20141231		
CE	CAISSE D'EPARGNE	676	20140925	661100	Intérêts sur emprunts			201	20140925	ECH PRET 8234663 DU 25/09/14	39,42	0,00			20141231		
CE	CAISSE D'EPARGNE	676	20140925	512100	Caisse d'épargne			201	20140925	ECH PRET 8234663 DU 25/09/14	0,00	39,42			20141231		
CE	CAISSE D'EPARGNE	677	20140925	164502	Emprunt 8249866			202	20140925	ECH PRET 8249866 DU 25/09/14	817,38	0,00			20141231		
CE	CAISSE D'EPARGNE	677	20140925	512100	Caisse d'épargne			202	20140925	ECH PRET 8249866 DU 25/09/14	0,00	817,38			20141231		
CE	CAISSE D'EPARGNE	678	20140925	661100	Intérêts sur emprunts			202	20140925	ECH PRET 8249866 DU 25/09/14	97,44	0,00			20141231		
CE	CAISSE D'EPARGNE	678	20140925	512100	Caisse d'épargne			202	20140925	ECH PRET 8249866 DU 25/09/14	0,00	97,44			20141231		
CE	CAISSE D'EPARGNE	679	20140925	411000	Clients			203	20140925	CAISSE MUTUALITE SOCIA	0,00	2212,38	R	20140930	20141231		
CE	CAISSE D'EPARGNE	679	20140925	512100	Caisse d'épargne			203	20140925	CAISSE MUTUALITE SOCIA	2212,38	0,00			20141231		
CE	CAISSE D'EPARGNE	680	20140926	606160	Carburant gazoil			6183007	20140926	GO	56,70	0,00			20141231		
CE	CAISSE D'EPARGNE	680	20140926	512100	Caisse d'épargne			6183007	20140926	GO	0,00	56,70			20141231		
CE	CAISSE D'EPARGNE	681	20140926	445660	Tva sur biens & services			6183007	20140926	GO	11,34	0,00			20141231		
CE	CAISSE D'EPARGNE	681	20140926	512100	Caisse d'épargne			6183007	20140926	GO	0,00	11,34			20141231		
CE	CAISSE D'EPARGNE	682	20140927	606160	Carburant gazoil			6183007	20140927	GO	32,60	0,00			20141231		
CE	CAISSE D'EPARGNE	682	20140927	512100	Caisse d'épargne			6183007	20140927	GO	0,00	32,60			20141231		
CE	CAISSE D'EPARGNE	683	20140927	445660	Tva sur biens & services			6183007	20140927	GO	6,52	0,00			20141231		
CE	CAISSE D'EPARGNE	683	20140927	512100	Caisse d'épargne			6183007	20140927	GO	0,00	6,52			20141231		
CE	CAISSE D'EPARGNE	684	20141001	108000	Compte de l'exploitant			206	20141001	SALAIRE	600,00	0,00			20141231		
CE	CAISSE D'EPARGNE	684	20141001	512100	Caisse d'épargne			206	20141001	SALAIRE	0,00	600,00			20141231		
CE	CAISSE D'EPARGNE	685	20141001	661600	Agios bancaires			207	20141001	INTERETS DEBITEURS	38,37	0,00			20141231		
CE	CAISSE D'EPARGNE	685	20141001	512100	Caisse d'épargne			207	20141001	INTERETS DEBITEURS	0,00	38,37			20141231		
CE	CAISSE D'EPARGNE	686	20141001	627800	Autres services bancaires			208	20141001	COMMISSIONS	10,74	0,00			20141231		
CE	CAISSE D'EPARGNE	686	20141001	512100	Caisse d'épargne			208	20141001	COMMISSIONS	0,00	10,74			20141231		
CE	CAISSE D'EPARGNE	687	20141001	768000	Autres produits financiers			209	20141001	INTERETS CREDITEURS	0,00	0,21			20141231		
CE	CAISSE D'EPARGNE	687	20141001	512100	Caisse d'épargne			209	20141001	INTERETS CREDITEURS	0,21	0,00			20141231		
CE	CAISSE D'EPARGNE	688	20141002	606160	Carburant gazoil			6183007	20141002	CB REL. VAL DE LOI F. 300914 M JANN	29,37	0,00			20141231		
CE	CAISSE D'EPARGNE	688	20141002	512100	Caisse d'épargne			6183007	20141002	CB REL. VAL DE LOI F. 300914 M JANN	0,00	29,37			20141231		
CE	CAISSE D'EPARGNE	689	20141002	445660	Tva sur biens & services			6183007	20141002	CB REL. VAL DE LOI F. 300914 M JANN	5,88	0,00			20141231		
CE	CAISSE D'EPARGNE	689	20141002	512100	Caisse d'épargne			6183007	20141002	CB REL. VAL DE LOI F. 300914 M JANN	0,00	5,88			20141231		
CE	CAISSE D'EPARGNE	690	20141004	606160	Carburant gazoil			6183007	20141004	CB E LECLERC  F. 021014 M JANNEQUIN	50,56	0,00			20141231		
CE	CAISSE D'EPARGNE	690	20141004	512100	Caisse d'épargne			6183007	20141004	CB E LECLERC  F. 021014 M JANNEQUIN	0,00	50,56			20141231		
CE	CAISSE D'EPARGNE	691	20141004	445660	Tva sur biens & services			6183007	20141004	CB E LECLERC  F. 021014 M JANNEQUIN	10,11	0,00			20141231		
CE	CAISSE D'EPARGNE	691	20141004	512100	Caisse d'épargne			6183007	20141004	CB E LECLERC  F. 021014 M JANNEQUIN	0,00	10,11			20141231		
CE	CAISSE D'EPARGNE	692	20141004	606300	Fournitures petits équipements			6183007	20141004	CB EQUIP AUTO COFFRET REPOUSSE PISTONS	124,85	0,00			20141231		
CE	CAISSE D'EPARGNE	692	20141004	512100	Caisse d'épargne			6183007	20141004	CB EQUIP AUTO COFFRET REPOUSSE PISTONS	0,00	124,85			20141231		
CE	CAISSE D'EPARGNE	693	20141004	445660	Tva sur biens & services			6183007	20141004	CB EQUIP AUTO COFFRET REPOUSSE PISTONS	24,97	0,00			20141231		
CE	CAISSE D'EPARGNE	693	20141004	512100	Caisse d'épargne			6183007	20141004	CB EQUIP AUTO COFFRET REPOUSSE PISTONS	0,00	24,97			20141231		
CE	CAISSE D'EPARGNE	694	20141006	606160	Carburant gazoil			6183007	20141006	CB CARREFMARKET ST F. 031014 M JANN	79,97	0,00			20141231		
CE	CAISSE D'EPARGNE	694	20141006	512100	Caisse d'épargne			6183007	20141006	CB CARREFMARKET ST F. 031014 M JANN	0,00	79,97			20141231		
CE	CAISSE D'EPARGNE	695	20141006	445660	Tva sur biens & services			6183007	20141006	CB CARREFMARKET ST F. 031014 M JANN	15,99	0,00			20141231		
CE	CAISSE D'EPARGNE	695	20141006	512100	Caisse d'épargne			6183007	20141006	CB CARREFMARKET ST F. 031014 M JANN	0,00	15,99			20141231		
CE	CAISSE D'EPARGNE	696	20141006	218200	Materiel de transport			0000324	20141006	RENAULT KANGOO TAXIMETRE	200,00	0,00			20141231		
CE	CAISSE D'EPARGNE	696	20141006	512100	Caisse d'épargne			0000324	20141006	RENAULT KANGOO TAXIMETRE	0,00	200,00			20141231		
CE	CAISSE D'EPARGNE	697	20141007	626200	Téléphone mobile			215	20141007	ORANGE MOB 09/2014	5,30	0,00			20141231		
CE	CAISSE D'EPARGNE	697	20141007	512100	Caisse d'épargne			215	20141007	ORANGE MOB 09/2014	0,00	5,30			20141231		
CE	CAISSE D'EPARGNE	698	20141007	445660	Tva sur biens & services			215	20141007	ORANGE MOB 09/2014	1,06	0,00			20141231		
CE	CAISSE D'EPARGNE	698	20141007	512100	Caisse d'épargne			215	20141007	ORANGE MOB 09/2014	0,00	1,06			20141231		
CE	CAISSE D'EPARGNE	699	20141009	606300	Fournitures petits équipements			6183007	20141009	CB EQUIP AUTO PDT ENTRETIEN	75,18	0,00			20141231		
CE	CAISSE D'EPARGNE	699	20141009	512100	Caisse d'épargne			6183007	20141009	CB EQUIP AUTO PDT ENTRETIEN	0,00	75,18			20141231		
CE	CAISSE D'EPARGNE	700	20141009	606300	Fournitures petits équipements			0000328	20141009	DELTA PDTS ENTRETIEN TTC	265,50	0,00			20141231		
CE	CAISSE D'EPARGNE	700	20141009	512100	Caisse d'épargne			0000328	20141009	DELTA PDTS ENTRETIEN TTC	0,00	265,50			20141231		
CE	CAISSE D'EPARGNE	701	20141010	625100	Voyages et déplacements			6183007	20141010	CB MARMITE EXPRESS F. 091014 M JANN	21,82	0,00			20141231		
CE	CAISSE D'EPARGNE	701	20141010	512100	Caisse d'épargne			6183007	20141010	CB MARMITE EXPRESS F. 091014 M JANN	0,00	21,82			20141231		
CE	CAISSE D'EPARGNE	702	20141010	445660	Tva sur biens & services			6183007	20141010	CB MARMITE EXPRESS F. 091014 M JANN	2,18	0,00			20141231		
CE	CAISSE D'EPARGNE	702	20141010	512100	Caisse d'épargne			6183007	20141010	CB MARMITE EXPRESS F. 091014 M JANN	0,00	2,18			20141231		
CE	CAISSE D'EPARGNE	703	20141010	606160	Carburant gazoil			6183007	20141010	CB CARREFMARKETDAC F. 081014 M JANN	52,25	0,00			20141231		
CE	CAISSE D'EPARGNE	703	20141010	512100	Caisse d'épargne			6183007	20141010	CB CARREFMARKETDAC F. 081014 M JANN	0,00	52,25			20141231		
CE	CAISSE D'EPARGNE	704	20141010	445660	Tva sur biens & services			6183007	20141010	CB CARREFMARKETDAC F. 081014 M JANN	10,45	0,00			20141231		
CE	CAISSE D'EPARGNE	704	20141010	512100	Caisse d'épargne			6183007	20141010	CB CARREFMARKETDAC F. 081014 M JANN	0,00	10,45			20141231		
CE	CAISSE D'EPARGNE	705	20141010	613500	Location adresse electronique			220	20141010	++LD08847482LOCAM  ++LD08847482LOCA	88,00	0,00			20141231		
CE	CAISSE D'EPARGNE	705	20141010	512100	Caisse d'épargne			220	20141010	++LD08847482LOCAM  ++LD08847482LOCA	0,00	88,00			20141231		
CE	CAISSE D'EPARGNE	706	20141010	445660	Tva sur biens & services			220	20141010	++LD08847482LOCAM  ++LD08847482LOCA	17,60	0,00			20141231		
CE	CAISSE D'EPARGNE	706	20141010	512100	Caisse d'épargne			220	20141010	++LD08847482LOCAM  ++LD08847482LOCA	0,00	17,60			20141231		
CE	CAISSE D'EPARGNE	707	20141010	411000	Clients			221	20141010	VIR SEPA C.P.A.M. BLOIS C.P.A.M. BL	0,00	1370,98	AZ	20141031	20141231		
CE	CAISSE D'EPARGNE	707	20141010	512100	Caisse d'épargne			221	20141010	VIR SEPA C.P.A.M. BLOIS C.P.A.M. BL	1370,98	0,00			20141231		
CE	CAISSE D'EPARGNE	708	20141010	411000	Clients			222	20141010	VIR SEPA CAISSE MUTUALITE SOCIA CAI	0,00	1239,50	AD	20141031	20141231		
CE	CAISSE D'EPARGNE	708	20141010	512100	Caisse d'épargne			222	20141010	VIR SEPA CAISSE MUTUALITE SOCIA CAI	1239,50	0,00			20141231		
CE	CAISSE D'EPARGNE	709	20141011	606160	Carburant gazoil			6183007	20141011	CB CARREFMARKETDAC F. 091014 M JANN	17,77	0,00			20141231		
CE	CAISSE D'EPARGNE	709	20141011	512100	Caisse d'épargne			6183007	20141011	CB CARREFMARKETDAC F. 091014 M JANN	0,00	17,77			20141231		
CE	CAISSE D'EPARGNE	710	20141011	445660	Tva sur biens & services			6183007	20141011	CB CARREFMARKETDAC F. 091014 M JANN	3,55	0,00			20141231		
CE	CAISSE D'EPARGNE	710	20141011	512100	Caisse d'épargne			6183007	20141011	CB CARREFMARKETDAC F. 091014 M JANN	0,00	3,55			20141231		
CE	CAISSE D'EPARGNE	711	20141013	411000	Clients			224	20141013	VIR SEPA LMG LMG TAXI JANNEQUIN 000	0,00	125,11			20141231		
CE	CAISSE D'EPARGNE	711	20141013	512100	Caisse d'épargne			224	20141013	VIR SEPA LMG LMG TAXI JANNEQUIN 000	125,11	0,00			20141231		
CE	CAISSE D'EPARGNE	712	20141014	606160	Carburant gazoil			6183007	20141014	CB E LECLERC  F. 111014 M JANNEQUIN	59,14	0,00			20141231		
CE	CAISSE D'EPARGNE	712	20141014	512100	Caisse d'épargne			6183007	20141014	CB E LECLERC  F. 111014 M JANNEQUIN	0,00	59,14			20141231		
CE	CAISSE D'EPARGNE	713	20141014	445660	Tva sur biens & services			6183007	20141014	CB E LECLERC  F. 111014 M JANNEQUIN	11,83	0,00			20141231		
CE	CAISSE D'EPARGNE	713	20141014	512100	Caisse d'épargne			6183007	20141014	CB E LECLERC  F. 111014 M JANNEQUIN	0,00	11,83			20141231		
CE	CAISSE D'EPARGNE	714	20141015	164503	Emprunt 8257883			226	20141015	ECH PRET 8257883 DU 15/10/14	173,31	0,00			20141231		
CE	CAISSE D'EPARGNE	714	20141015	512100	Caisse d'épargne			226	20141015	ECH PRET 8257883 DU 15/10/14	0,00	173,31			20141231		
CE	CAISSE D'EPARGNE	715	20141015	661100	Intérêts sur emprunts			226	20141015	ECH PRET 8257883 DU 15/10/14	11,37	0,00			20141231		
CE	CAISSE D'EPARGNE	715	20141015	512100	Caisse d'épargne			226	20141015	ECH PRET 8257883 DU 15/10/14	0,00	11,37			20141231		
CE	CAISSE D'EPARGNE	716	20141016	606160	Carburant gazoil			6183007	20141016	CB E LECLERC  F. 141014 M JANNEQUIN	35,13	0,00			20141231		
CE	CAISSE D'EPARGNE	716	20141016	512100	Caisse d'épargne			6183007	20141016	CB E LECLERC  F. 141014 M JANNEQUIN	0,00	35,13			20141231		
CE	CAISSE D'EPARGNE	717	20141016	445660	Tva sur biens & services			6183007	20141016	CB E LECLERC  F. 141014 M JANNEQUIN	7,03	0,00			20141231		
CE	CAISSE D'EPARGNE	717	20141016	512100	Caisse d'épargne			6183007	20141016	CB E LECLERC  F. 141014 M JANNEQUIN	0,00	7,03			20141231		
CE	CAISSE D'EPARGNE	718	20141016	606160	Carburant gazoil			6183007	20141016	CB CARREFMARKET ST F. 151014 M JANN	79,05	0,00			20141231		
CE	CAISSE D'EPARGNE	718	20141016	512100	Caisse d'épargne			6183007	20141016	CB CARREFMARKET ST F. 151014 M JANN	0,00	79,05			20141231		
CE	CAISSE D'EPARGNE	719	20141016	445660	Tva sur biens & services			6183007	20141016	CB CARREFMARKET ST F. 151014 M JANN	15,81	0,00			20141231		
CE	CAISSE D'EPARGNE	719	20141016	512100	Caisse d'épargne			6183007	20141016	CB CARREFMARKET ST F. 151014 M JANN	0,00	15,81			20141231		
CE	CAISSE D'EPARGNE	720	20141016	625100	Voyages et déplacements			6183007	20141016	CB BUFFALO 24 F. 151014 M JANNEQUIN	20,00	0,00			20141231		
CE	CAISSE D'EPARGNE	720	20141016	512100	Caisse d'épargne			6183007	20141016	CB BUFFALO 24 F. 151014 M JANNEQUIN	0,00	20,00			20141231		
CE	CAISSE D'EPARGNE	721	20141016	445660	Tva sur biens & services			6183007	20141016	CB BUFFALO 24 F. 151014 M JANNEQUIN	2,00	0,00			20141231		
CE	CAISSE D'EPARGNE	721	20141016	512100	Caisse d'épargne			6183007	20141016	CB BUFFALO 24 F. 151014 M JANNEQUIN	0,00	2,00			20141231		
CE	CAISSE D'EPARGNE	722	20141017	615500	Entretien vehicules			6183007	20141017	CB AUTO REPAR REVISION AP867QX	186,68	0,00			20141231		
CE	CAISSE D'EPARGNE	722	20141017	512100	Caisse d'épargne			6183007	20141017	CB AUTO REPAR REVISION AP867QX	0,00	186,68			20141231		
CE	CAISSE D'EPARGNE	723	20141017	445660	Tva sur biens & services			6183007	20141017	CB AUTO REPAR REVISION 5008	37,34	0,00			20141231		
CE	CAISSE D'EPARGNE	723	20141017	512100	Caisse d'épargne			6183007	20141017	CB AUTO REPAR REVISION 5008	0,00	37,34			20141231		
CE	CAISSE D'EPARGNE	724	20141017	615500	Entretien vehicules			6183007	20141017	CB VPA SARL PLAQUETTES AK364HG	34,45	0,00			20141231		
CE	CAISSE D'EPARGNE	724	20141017	512100	Caisse d'épargne			6183007	20141017	CB VPA SARL PLAQUETTES AK364HG	0,00	34,45			20141231		
CE	CAISSE D'EPARGNE	725	20141017	445660	Tva sur biens & services			6183007	20141017	CB VPA SARL PLAQUETTES AK364HG	6,89	0,00			20141231		
CE	CAISSE D'EPARGNE	725	20141017	512100	Caisse d'épargne			6183007	20141017	CB VPA SARL PLAQUETTES AK364HG	0,00	6,89			20141231		
CE	CAISSE D'EPARGNE	726	20141017	625100	Voyages et déplacements			6183007	20141017	CB MARMITE EXPRESS F. 161014 M JANN	29,27	0,00			20141231		
CE	CAISSE D'EPARGNE	726	20141017	512100	Caisse d'épargne			6183007	20141017	CB MARMITE EXPRESS F. 161014 M JANN	0,00	29,27			20141231		
CE	CAISSE D'EPARGNE	727	20141017	445660	Tva sur biens & services			6183007	20141017	CB MARMITE EXPRESS F. 161014 M JANN	2,93	0,00			20141231		
CE	CAISSE D'EPARGNE	727	20141017	512100	Caisse d'épargne			6183007	20141017	CB MARMITE EXPRESS F. 161014 M JANN	0,00	2,93			20141231		
CE	CAISSE D'EPARGNE	728	20141017	625100	Voyages et déplacements			233	20141017	++2500510720COFIROUTE  ++2500510720	71,25	0,00			20141231		
CE	CAISSE D'EPARGNE	728	20141017	512100	Caisse d'épargne			233	20141017	++2500510720COFIROUTE  ++2500510720	0,00	71,25			20141231		
CE	CAISSE D'EPARGNE	729	20141017	445660	Tva sur biens & services			233	20141017	++2500510720COFIROUTE  ++2500510720	14,25	0,00			20141231		
CE	CAISSE D'EPARGNE	729	20141017	512100	Caisse d'épargne			233	20141017	++2500510720COFIROUTE  ++2500510720	0,00	14,25			20141231		
CE	CAISSE D'EPARGNE	730	20141017	616081	Assurance décès sur emprunt			234	20141017	++PAP2 450PABPCE ASSURANCES  ++PAP2	84,30	0,00			20141231		
CE	CAISSE D'EPARGNE	730	20141017	512100	Caisse d'épargne			234	20141017	++PAP2 450PABPCE ASSURANCES  ++PAP2	0,00	84,30			20141231		
CE	CAISSE D'EPARGNE	731	20141017	411000	Clients			235	20141017	VIR SEPA HARMONIE MUTUELLE RO R HAR	0,00	50,83			20141231		
CE	CAISSE D'EPARGNE	731	20141017	512100	Caisse d'épargne			235	20141017	VIR SEPA HARMONIE MUTUELLE RO R HAR	50,83	0,00			20141231		
CE	CAISSE D'EPARGNE	732	20141017	411000	Clients			236	20141017	VIR SEPA HARMONIE MUTUELLE RO R HAR	0,00	50,83			20141231		
CE	CAISSE D'EPARGNE	732	20141017	512100	Caisse d'épargne			236	20141017	VIR SEPA HARMONIE MUTUELLE RO R HAR	50,83	0,00			20141231		
CE	CAISSE D'EPARGNE	733	20141017	411000	Clients			237	20141017	VIR SEPA HARMONIE MUTUELLE RO R HAR	0,00	20,57	BE	20141231	20141231		
CE	CAISSE D'EPARGNE	733	20141017	512100	Caisse d'épargne			237	20141017	VIR SEPA HARMONIE MUTUELLE RO R HAR	20,57	0,00			20141231		
CE	CAISSE D'EPARGNE	734	20141020	164500	Emprunt 8234663			238	20141020	ECH PRET 8234663 DU 20/10/14	371,45	0,00			20141231		
CE	CAISSE D'EPARGNE	734	20141020	512100	Caisse d'épargne			238	20141020	ECH PRET 8234663 DU 20/10/14	0,00	371,45			20141231		
CE	CAISSE D'EPARGNE	735	20141020	661100	Intérêts sur emprunts			238	20141020	ECH PRET 8234663 DU 20/10/14	38,60	0,00			20141231		
CE	CAISSE D'EPARGNE	735	20141020	512100	Caisse d'épargne			238	20141020	ECH PRET 8234663 DU 20/10/14	0,00	38,60			20141231		
CE	CAISSE D'EPARGNE	736	20141021	108000	Compte de l'exploitant			6183007	20141021	CB JP MOTO 41 125 YAMAHA BREZZE	381,80	0,00			20141231		
CE	CAISSE D'EPARGNE	736	20141021	512100	Caisse d'épargne			6183007	20141021	CB JP MOTO 41 125 YAMAHA BREZZE	0,00	381,80			20141231		
CE	CAISSE D'EPARGNE	737	20141021	606160	Carburant gazoil			6183007	20141021	CB DAC LECLERC BLO F. 181014 M JANN	27,03	0,00			20141231		
CE	CAISSE D'EPARGNE	737	20141021	512100	Caisse d'épargne			6183007	20141021	CB DAC LECLERC BLO F. 181014 M JANN	0,00	27,03			20141231		
CE	CAISSE D'EPARGNE	738	20141021	445660	Tva sur biens & services			6183007	20141021	CB DAC LECLERC BLO F. 181014 M JANN	5,41	0,00			20141231		
CE	CAISSE D'EPARGNE	738	20141021	512100	Caisse d'épargne			6183007	20141021	CB DAC LECLERC BLO F. 181014 M JANN	0,00	5,41			20141231		
CE	CAISSE D'EPARGNE	739	20141021	646400	Rsi ava vieillesse urssaf mala			241	20141021	*++041077V202RSI COTISATION *++0410	168,00	0,00			20141231		
CE	CAISSE D'EPARGNE	739	20141021	512100	Caisse d'épargne			241	20141021	*++041077V202RSI COTISATION *++0410	0,00	168,00			20141231		
CE	CAISSE D'EPARGNE	740	20141021	626201	Téléphone fixe et internet			242	20141021	ORANGE INT 09/2014	63,77	0,00			20141231		
CE	CAISSE D'EPARGNE	740	20141021	512100	Caisse d'épargne			242	20141021	ORANGE INT 09/2014	0,00	63,77			20141231		
CE	CAISSE D'EPARGNE	741	20141021	445660	Tva sur biens & services			242	20141021	*++7820211384ORANGE *++7820211384OR	12,75	0,00			20141231		
CE	CAISSE D'EPARGNE	741	20141021	512100	Caisse d'épargne			242	20141021	*++7820211384ORANGE *++7820211384OR	0,00	12,75			20141231		
CE	CAISSE D'EPARGNE	742	20141022	606160	Carburant gazoil			6183007	20141022	CB E LECLERC  F. 211014 M JANNEQUIN	45,52	0,00			20141231		
CE	CAISSE D'EPARGNE	742	20141022	512100	Caisse d'épargne			6183007	20141022	CB E LECLERC  F. 211014 M JANNEQUIN	0,00	45,52			20141231		
CE	CAISSE D'EPARGNE	743	20141022	445660	Tva sur biens & services			6183007	20141022	CB E LECLERC  F. 211014 M JANNEQUIN	9,11	0,00			20141231		
CE	CAISSE D'EPARGNE	743	20141022	512100	Caisse d'épargne			6183007	20141022	CB E LECLERC  F. 211014 M JANNEQUIN	0,00	9,11			20141231		
CE	CAISSE D'EPARGNE	744	20141024	411200	Client Bonin			244	20141024	VIR SEPA RGF MFP RGF MFP TAXI DU LA	0,00	995,44	E	20141031	20141231		
CE	CAISSE D'EPARGNE	744	20141024	512100	Caisse d'épargne			244	20141024	VIR SEPA RGF MFP RGF MFP TAXI DU LA	995,44	0,00			20141231		
CE	CAISSE D'EPARGNE	745	20141025	164502	Emprunt 8249866			245	20141025	ECH PRET 8249866 DU 25/10/14	819,39	0,00			20141231		
CE	CAISSE D'EPARGNE	745	20141025	512100	Caisse d'épargne			245	20141025	ECH PRET 8249866 DU 25/10/14	0,00	819,39			20141231		
CE	CAISSE D'EPARGNE	746	20141025	661100	Intérêts sur emprunts			245	20141025	ECH PRET 8249866 DU 25/10/14	95,43	0,00			20141231		
CE	CAISSE D'EPARGNE	746	20141025	512100	Caisse d'épargne			245	20141025	ECH PRET 8249866 DU 25/10/14	0,00	95,43			20141231		
CE	CAISSE D'EPARGNE	747	20141028	606160	Carburant gazoil			6183007	20141028	CB E.LECLERC DAC F. 251014 M JANNEQ	18,58	0,00			20141231		
CE	CAISSE D'EPARGNE	747	20141028	512100	Caisse d'épargne			6183007	20141028	CB E.LECLERC DAC F. 251014 M JANNEQ	0,00	18,58			20141231		
CE	CAISSE D'EPARGNE	748	20141028	445660	Tva sur biens & services			6183007	20141028	CB E.LECLERC DAC F. 251014 M JANNEQ	3,72	0,00			20141231		
CE	CAISSE D'EPARGNE	748	20141028	512100	Caisse d'épargne			6183007	20141028	CB E.LECLERC DAC F. 251014 M JANNEQ	0,00	3,72			20141231		
CE	CAISSE D'EPARGNE	749	20141028	606160	Carburant gazoil			6183007	20141028	CB E.LECLERC DAC F. 261014 M JANNEQ	31,13	0,00			20141231		
CE	CAISSE D'EPARGNE	749	20141028	512100	Caisse d'épargne			6183007	20141028	CB E.LECLERC DAC F. 261014 M JANNEQ	0,00	31,13			20141231		
CE	CAISSE D'EPARGNE	750	20141028	445660	Tva sur biens & services			6183007	20141028	CB E.LECLERC DAC F. 261014 M JANNEQ	6,23	0,00			20141231		
CE	CAISSE D'EPARGNE	750	20141028	512100	Caisse d'épargne			6183007	20141028	CB E.LECLERC DAC F. 261014 M JANNEQ	0,00	6,23			20141231		
CE	CAISSE D'EPARGNE	751	20141028	411000	Clients			248	20141028	VIR SEPA RGF MFP RGF MFP TAXI DU LA	0,00	68,08	BG	20141028	20141231		
CE	CAISSE D'EPARGNE	751	20141028	512100	Caisse d'épargne			248	20141028	VIR SEPA RGF MFP RGF MFP TAXI DU LA	68,08	0,00			20141231		
CE	CAISSE D'EPARGNE	752	20141029	411000	Clients			249	20141029	VIR SEPA C.R.P.C.E.N C.R.P.C.E.N TA	0,00	34,13	AN	20141031	20141231		
CE	CAISSE D'EPARGNE	752	20141029	512100	Caisse d'épargne			249	20141029	VIR SEPA C.R.P.C.E.N C.R.P.C.E.N TA	34,13	0,00			20141231		
CE	CAISSE D'EPARGNE	753	20141030	606160	Carburant gazoil			6183007	20141030	CB E.LECLERC DAC F. 281014 M JANNEQ	58,62	0,00			20141231		
CE	CAISSE D'EPARGNE	753	20141030	512100	Caisse d'épargne			6183007	20141030	CB E.LECLERC DAC F. 281014 M JANNEQ	0,00	58,62			20141231		
CE	CAISSE D'EPARGNE	754	20141030	445660	Tva sur biens & services			6183007	20141030	CB E.LECLERC DAC F. 281014 M JANNEQ	11,73	0,00			20141231		
CE	CAISSE D'EPARGNE	754	20141030	512100	Caisse d'épargne			6183007	20141030	CB E.LECLERC DAC F. 281014 M JANNEQ	0,00	11,73			20141231		
CE	CAISSE D'EPARGNE	755	20141031	401000	Fournisseurs	FORANG	Orange	6183007	20141031	CB FTELECOMF. 06.2014	42,90	0,00	B	20141031	20141231		
CE	CAISSE D'EPARGNE	755	20141031	512100	Caisse d'épargne			6183007	20141031	CB FTELECOMF. 06.2014	0,00	42,90			20141231		
CE	CAISSE D'EPARGNE	756	20141031	626201	Téléphone fixe et internet			6183007	20141031	CB FTELECOMF. 10.2014	43,65	0,00			20141231		
CE	CAISSE D'EPARGNE	756	20141031	512100	Caisse d'épargne			6183007	20141031	CB FTELECOMF. 10.2014	0,00	43,65			20141231		
CE	CAISSE D'EPARGNE	757	20141031	445660	Tva sur biens & services			6183007	20141031	CB FTELECOMF. 10.2014	8,73	0,00			20141231		
CE	CAISSE D'EPARGNE	757	20141031	512100	Caisse d'épargne			6183007	20141031	CB FTELECOMF. 10.2014	0,00	8,73			20141231		
CE	CAISSE D'EPARGNE	758	20141031	615500	Entretien vehicules			6183007	20141031	CB EQUIP AUTO PEINTURE DURCISSEUR	130,00	0,00			20141231		
CE	CAISSE D'EPARGNE	758	20141031	512100	Caisse d'épargne			6183007	20141031	CB EQUIP AUTO PEINTURE DURCISSEUR	0,00	130,00			20141231		
CE	CAISSE D'EPARGNE	759	20141031	445660	Tva sur biens & services			6183007	20141031	CB EQUIP AUTO PEINTURE DURCISSEUR	26,00	0,00			20141231		
CE	CAISSE D'EPARGNE	759	20141031	512100	Caisse d'épargne			6183007	20141031	CB EQUIP AUTO PEINTURE DURCISSEUR	0,00	26,00			20141231		
CE	CAISSE D'EPARGNE	760	20141031	606160	Carburant gazoil			6183007	20141031	CB E LECLERC  F. 301014 M JANNEQUIN	12,05	0,00			20141231		
CE	CAISSE D'EPARGNE	760	20141031	512100	Caisse d'épargne			6183007	20141031	CB E LECLERC  F. 301014 M JANNEQUIN	0,00	12,05			20141231		
CE	CAISSE D'EPARGNE	761	20141031	445660	Tva sur biens & services			6183007	20141031	CB E LECLERC  F. 301014 M JANNEQUIN	2,41	0,00			20141231		
CE	CAISSE D'EPARGNE	761	20141031	512100	Caisse d'épargne			6183007	20141031	CB E LECLERC  F. 301014 M JANNEQUIN	0,00	2,41			20141231		
CE	CAISSE D'EPARGNE	762	20141103	108000	Compte de l'exploitant			254	20141103	SALAIRE	600,00	0,00			20141231		
CE	CAISSE D'EPARGNE	762	20141103	512100	Caisse d'épargne			254	20141103	SALAIRE	0,00	600,00			20141231		
CE	CAISSE D'EPARGNE	763	20141104	606160	Carburant gazoil			6183007	20141104	CB DAC LECLERC BLO F. 011114 M JANN	25,00	0,00			20141231		
CE	CAISSE D'EPARGNE	763	20141104	512100	Caisse d'épargne			6183007	20141104	CB DAC LECLERC BLO F. 011114 M JANN	0,00	25,00			20141231		
CE	CAISSE D'EPARGNE	764	20141104	445660	Tva sur biens & services			6183007	20141104	CB DAC LECLERC BLO F. 011114 M JANN	5,00	0,00			20141231		
CE	CAISSE D'EPARGNE	764	20141104	512100	Caisse d'épargne			6183007	20141104	CB DAC LECLERC BLO F. 011114 M JANN	0,00	5,00			20141231		
CE	CAISSE D'EPARGNE	765	20141104	411000	Clients			0000013	20141104	CB EI JANNEQUIN 031114 CONTRAT 8708	0,00	138,36	BE	20141231	20141231		
CE	CAISSE D'EPARGNE	765	20141104	512100	Caisse d'épargne			0000013	20141104	CB EI JANNEQUIN 031114 CONTRAT 8708	138,36	0,00			20141231		
CE	CAISSE D'EPARGNE	766	20141104	626200	Téléphone mobile			257	20141104	ORANGE MOB 10/2014	8,88	0,00			20141231		
CE	CAISSE D'EPARGNE	766	20141104	512100	Caisse d'épargne			257	20141104	ORANGE MOB 10/2014	0,00	8,88			20141231		
CE	CAISSE D'EPARGNE	767	20141104	445660	Tva sur biens & services			257	20141104	ORANGE MOB 10/2014	1,78	0,00			20141231		
CE	CAISSE D'EPARGNE	767	20141104	512100	Caisse d'épargne			257	20141104	ORANGE MOB 10/2014	0,00	1,78			20141231		
CE	CAISSE D'EPARGNE	768	20141104	627200	Commissions bancaires			258	20141104	CB COM EI JANNEQUIN 031114 CONTRAT	0,69	0,00			20141231		
CE	CAISSE D'EPARGNE	768	20141104	512100	Caisse d'épargne			258	20141104	CB COM EI JANNEQUIN 031114 CONTRAT	0,00	0,69			20141231		
CE	CAISSE D'EPARGNE	769	20141105	625100	Voyages et déplacements			6183007	20141105	CB ADP ROISSY F. 031114 M JANNEQUIN	5,00	0,00			20141231		
CE	CAISSE D'EPARGNE	769	20141105	512100	Caisse d'épargne			6183007	20141105	CB ADP ROISSY F. 031114 M JANNEQUIN	0,00	5,00			20141231		
CE	CAISSE D'EPARGNE	770	20141106	606160	Carburant gazoil			6183007	20141106	CB E LECLERC  F. 041114 M JANNEQUIN	26,37	0,00			20141231		
CE	CAISSE D'EPARGNE	770	20141106	512100	Caisse d'épargne			6183007	20141106	CB E LECLERC  F. 041114 M JANNEQUIN	0,00	26,37			20141231		
CE	CAISSE D'EPARGNE	771	20141106	445660	Tva sur biens & services			6183007	20141106	CB E LECLERC  F. 041114 M JANNEQUIN	5,27	0,00			20141231		
CE	CAISSE D'EPARGNE	771	20141106	512100	Caisse d'épargne			6183007	20141106	CB E LECLERC  F. 041114 M JANNEQUIN	0,00	5,27			20141231		
CE	CAISSE D'EPARGNE	772	20141106	606160	Carburant gazoil			6183007	20141106	CB SA SOCOCHARE F. 041114 M JANNEQU	53,38	0,00			20141231		
CE	CAISSE D'EPARGNE	772	20141106	512100	Caisse d'épargne			6183007	20141106	CB SA SOCOCHARE F. 041114 M JANNEQU	0,00	53,38			20141231		
CE	CAISSE D'EPARGNE	773	20141106	445660	Tva sur biens & services			6183007	20141106	CB SA SOCOCHARE F. 041114 M JANNEQU	10,68	0,00			20141231		
CE	CAISSE D'EPARGNE	773	20141106	512100	Caisse d'épargne			6183007	20141106	CB SA SOCOCHARE F. 041114 M JANNEQU	0,00	10,68			20141231		
CE	CAISSE D'EPARGNE	774	20141107	615500	Entretien vehicules			6183007	20141107	CB PAYPAL  F. 051114 PIECES AUTO	22,87	0,00			20141231		
CE	CAISSE D'EPARGNE	774	20141107	512100	Caisse d'épargne			6183007	20141107	CB PAYPAL  F. 051114 PIECES AUTO	0,00	22,87			20141231		
CE	CAISSE D'EPARGNE	775	20141107	627800	Autres services bancaires			263	20141107	* FORFAIT LIBRE CONVERGENCE DONT TV	67,83	0,00			20141231		
CE	CAISSE D'EPARGNE	775	20141107	512100	Caisse d'épargne			263	20141107	* FORFAIT LIBRE CONVERGENCE DONT TV	0,00	67,83			20141231		
CE	CAISSE D'EPARGNE	776	20141110	606160	Carburant gazoil			6183007	20141110	CB RELAIS TOURS F. 071114 M JANNEQU	38,22	0,00			20141231		
CE	CAISSE D'EPARGNE	776	20141110	512100	Caisse d'épargne			6183007	20141110	CB RELAIS TOURS F. 071114 M JANNEQU	0,00	38,22			20141231		
CE	CAISSE D'EPARGNE	777	20141110	445660	Tva sur biens & services			6183007	20141110	CB RELAIS TOURS F. 071114 M JANNEQU	7,65	0,00			20141231		
CE	CAISSE D'EPARGNE	777	20141110	512100	Caisse d'épargne			6183007	20141110	CB RELAIS TOURS F. 071114 M JANNEQU	0,00	7,65			20141231		
CE	CAISSE D'EPARGNE	778	20141110	411000	Clients			0000014	20141110	CB EI JANNEQUIN 091114 CONTRAT 8708	0,00	164,00	BD	20141231	20141231		
CE	CAISSE D'EPARGNE	778	20141110	512100	Caisse d'épargne			0000014	20141110	CB EI JANNEQUIN 091114 CONTRAT 8708	164,00	0,00			20141231		
CE	CAISSE D'EPARGNE	779	20141110	627200	Commissions bancaires			266	20141110	CB COM EI JANNEQUIN 091114 CONTRAT	0,82	0,00			20141231		
CE	CAISSE D'EPARGNE	779	20141110	512100	Caisse d'épargne			266	20141110	CB COM EI JANNEQUIN 091114 CONTRAT	0,00	0,82			20141231		
CE	CAISSE D'EPARGNE	780	20141111	606160	Carburant gazoil			6183007	20141111	CB E LECLERC  F. 081114 M JANNEQUIN	30,05	0,00			20141231		
CE	CAISSE D'EPARGNE	780	20141111	512100	Caisse d'épargne			6183007	20141111	CB E LECLERC  F. 081114 M JANNEQUIN	0,00	30,05			20141231		
CE	CAISSE D'EPARGNE	781	20141111	445660	Tva sur biens & services			6183007	20141111	CB E LECLERC  F. 081114 M JANNEQUIN	6,01	0,00			20141231		
CE	CAISSE D'EPARGNE	781	20141111	512100	Caisse d'épargne			6183007	20141111	CB E LECLERC  F. 081114 M JANNEQUIN	0,00	6,01			20141231		
CE	CAISSE D'EPARGNE	782	20141111	606160	Carburant gazoil			6183007	20141111	CB CARREFMARKET ST F. 081114 M JANN	45,64	0,00			20141231		
CE	CAISSE D'EPARGNE	782	20141111	512100	Caisse d'épargne			6183007	20141111	CB CARREFMARKET ST F. 081114 M JANN	0,00	45,64			20141231		
CE	CAISSE D'EPARGNE	783	20141111	445660	Tva sur biens & services			6183007	20141111	CB CARREFMARKET ST F. 081114 M JANN	9,13	0,00			20141231		
CE	CAISSE D'EPARGNE	783	20141111	512100	Caisse d'épargne			6183007	20141111	CB CARREFMARKET ST F. 081114 M JANN	0,00	9,13			20141231		
CE	CAISSE D'EPARGNE	784	20141111	623100	Annonces insertions			269	20141111	PAGES JAUNES 2014-2015	573,00	0,00			20141231		
CE	CAISSE D'EPARGNE	784	20141111	512100	Caisse d'épargne			269	20141111	PAGES JAUNES 2014-2015	0,00	573,00			20141231		
CE	CAISSE D'EPARGNE	785	20141111	445660	Tva sur biens & services			269	20141111	PAGES JAUNES 2015	114,60	0,00			20141231		
CE	CAISSE D'EPARGNE	785	20141111	512100	Caisse d'épargne			269	20141111	PAGES JAUNES 2015	0,00	114,60			20141231		
CE	CAISSE D'EPARGNE	786	20141111	401000	Fournisseurs	FPAG	Pages jaunes	269	20141111	PAGES JAUNES 2015	0,00	219,20			20141231		
CE	CAISSE D'EPARGNE	786	20141111	512100	Caisse d'épargne			269	20141111	PAGES JAUNES 2015	219,20	0,00			20141231		
CE	CAISSE D'EPARGNE	787	20141111	401000	Fournisseurs	FPAG	Pages jaunes	269	20141111	PAGES JAUNES 2015	0,00	219,20			20141231		
CE	CAISSE D'EPARGNE	787	20141111	512100	Caisse d'épargne			269	20141111	PAGES JAUNES 2015	219,20	0,00			20141231		
CE	CAISSE D'EPARGNE	788	20141111	401000	Fournisseurs	FPAG	Pages jaunes	269	20141111	PAGES JAUNES 2015	0,00	219,20			20141231		
CE	CAISSE D'EPARGNE	788	20141111	512100	Caisse d'épargne			269	20141111	PAGES JAUNES 2015	219,20	0,00			20141231		
CE	CAISSE D'EPARGNE	789	20141111	613500	Location adresse electronique			270	20141111	*++LD08847482LOCAM *++LD08847482LOC	88,00	0,00			20141231		
CE	CAISSE D'EPARGNE	789	20141111	512100	Caisse d'épargne			270	20141111	*++LD08847482LOCAM *++LD08847482LOC	0,00	88,00			20141231		
CE	CAISSE D'EPARGNE	790	20141111	445660	Tva sur biens & services			270	20141111	*++LD08847482LOCAM *++LD08847482LOC	17,60	0,00			20141231		
CE	CAISSE D'EPARGNE	790	20141111	512100	Caisse d'épargne			270	20141111	*++LD08847482LOCAM *++LD08847482LOC	0,00	17,60			20141231		
CE	CAISSE D'EPARGNE	791	20141112	411000	Clients			271	20141112	VIR SEPA C.P.A.M. BLOIS C.P.A.M. BL	0,00	2404,84	V	20141130	20141231		
CE	CAISSE D'EPARGNE	791	20141112	512100	Caisse d'épargne			271	20141112	VIR SEPA C.P.A.M. BLOIS C.P.A.M. BL	2404,84	0,00			20141231		
CE	CAISSE D'EPARGNE	792	20141113	606160	Carburant gazoil			6183007	20141113	CB DAC LECLERC BLO F. 111114 M JANN	45,57	0,00			20141231		
CE	CAISSE D'EPARGNE	792	20141113	512100	Caisse d'épargne			6183007	20141113	CB DAC LECLERC BLO F. 111114 M JANN	0,00	45,57			20141231		
CE	CAISSE D'EPARGNE	793	20141113	445660	Tva sur biens & services			6183007	20141113	CB DAC LECLERC BLO F. 111114 M JANN	9,11	0,00			20141231		
CE	CAISSE D'EPARGNE	793	20141113	512100	Caisse d'épargne			6183007	20141113	CB DAC LECLERC BLO F. 111114 M JANN	0,00	9,11			20141231		
CE	CAISSE D'EPARGNE	794	20141114	627800	Autres services bancaires			273	20141114	* FRAIS DOSSIER SAISIE	103,00	0,00			20141231		
CE	CAISSE D'EPARGNE	794	20141114	512100	Caisse d'épargne			273	20141114	* FRAIS DOSSIER SAISIE	0,00	103,00			20141231		
CE	CAISSE D'EPARGNE	795	20141114	606160	Carburant gazoil			6183007	20141114	CB DAC LECLERC BLO F. 131114 M JANN	61,30	0,00			20141231		
CE	CAISSE D'EPARGNE	795	20141114	512100	Caisse d'épargne			6183007	20141114	CB DAC LECLERC BLO F. 131114 M JANN	0,00	61,30			20141231		
CE	CAISSE D'EPARGNE	796	20141114	445660	Tva sur biens & services			6183007	20141114	CB DAC LECLERC BLO F. 131114 M JANN	12,26	0,00			20141231		
CE	CAISSE D'EPARGNE	796	20141114	512100	Caisse d'épargne			6183007	20141114	CB DAC LECLERC BLO F. 131114 M JANN	0,00	12,26			20141231		
CE	CAISSE D'EPARGNE	797	20141114	606160	Carburant gazoil			6183007	20141114	CB E LECLERC  F. 131114 M JANNEQUIN	10,21	0,00			20141231		
CE	CAISSE D'EPARGNE	797	20141114	512100	Caisse d'épargne			6183007	20141114	CB E LECLERC  F. 131114 M JANNEQUIN	0,00	10,21			20141231		
CE	CAISSE D'EPARGNE	798	20141114	445660	Tva sur biens & services			6183007	20141114	CB E LECLERC  F. 131114 M JANNEQUIN	2,04	0,00			20141231		
CE	CAISSE D'EPARGNE	798	20141114	512100	Caisse d'épargne			6183007	20141114	CB E LECLERC  F. 131114 M JANNEQUIN	0,00	2,04			20141231		
CE	CAISSE D'EPARGNE	799	20141114	615500	Entretien vehicules			6183007	20141114	CB VENDOME 4 PNEUS AP867QX	396,33	0,00			20141231		
CE	CAISSE D'EPARGNE	799	20141114	512100	Caisse d'épargne			6183007	20141114	CB VENDOME 4 PNEUS AP867QX	0,00	396,33			20141231		
CE	CAISSE D'EPARGNE	800	20141114	445660	Tva sur biens & services			6183007	20141114	CB VENDOME PNEUS 5008	79,27	0,00			20141231		
CE	CAISSE D'EPARGNE	800	20141114	512100	Caisse d'épargne			6183007	20141114	CB VENDOME PNEUS 5008	0,00	79,27			20141231		
CE	CAISSE D'EPARGNE	801	20141114	615500	Entretien vehicules			6183007	20141114	CB OSCARO.COM F. 131114 PIECES AUTO	297,97	0,00			20141231		
CE	CAISSE D'EPARGNE	801	20141114	512100	Caisse d'épargne			6183007	20141114	CB OSCARO.COM F. 131114 PIECES AUTO	0,00	297,97			20141231		
CE	CAISSE D'EPARGNE	802	20141114	615500	Entretien vehicules			6183007	20141114	CB AUTO REPAR ALTERNATEUR AP867QX	471,20	0,00			20141231		
CE	CAISSE D'EPARGNE	802	20141114	512100	Caisse d'épargne			6183007	20141114	CB AUTO REPAR ALTERNATEUR AP867QX	0,00	471,20			20141231		
CE	CAISSE D'EPARGNE	803	20141114	445660	Tva sur biens & services			6183007	20141114	CB AUTO REPAR' 5008 ALTERNATEUR HS	94,24	0,00			20141231		
CE	CAISSE D'EPARGNE	803	20141114	512100	Caisse d'épargne			6183007	20141114	CB AUTO REPAR' 5008 ALTERNATEUR HS	0,00	94,24			20141231		
CE	CAISSE D'EPARGNE	804	20141114	411000	Clients			279	20141114	VIR SEPA CAISSE MUTUALITE SOCIA CAI	0,00	1710,44	W	20141130	20141231		
CE	CAISSE D'EPARGNE	804	20141114	512100	Caisse d'épargne			279	20141114	VIR SEPA CAISSE MUTUALITE SOCIA CAI	1710,44	0,00			20141231		
CE	CAISSE D'EPARGNE	805	20141115	164503	Emprunt 8257883			280	20141115	ECH PRET 8257883 DU 15/11/14	173,63	0,00			20141231		
CE	CAISSE D'EPARGNE	805	20141115	512100	Caisse d'épargne			280	20141115	ECH PRET 8257883 DU 15/11/14	0,00	173,63			20141231		
CE	CAISSE D'EPARGNE	806	20141115	661100	Intérêts sur emprunts			280	20141115	ECH PRET 8257883 DU 15/11/14	11,05	0,00			20141231		
CE	CAISSE D'EPARGNE	806	20141115	512100	Caisse d'épargne			280	20141115	ECH PRET 8257883 DU 15/11/14	0,00	11,05			20141231		
CE	CAISSE D'EPARGNE	807	20141117	606160	Carburant gazoil			6183007	20141117	CB CARREFMARKET ST F. 141114 M JANN	37,02	0,00			20141231		
CE	CAISSE D'EPARGNE	807	20141117	512100	Caisse d'épargne			6183007	20141117	CB CARREFMARKET ST F. 141114 M JANN	0,00	37,02			20141231		
CE	CAISSE D'EPARGNE	808	20141117	445660	Tva sur biens & services			6183007	20141117	CB CARREFMARKET ST F. 141114 M JANN	7,40	0,00			20141231		
CE	CAISSE D'EPARGNE	808	20141117	512100	Caisse d'épargne			6183007	20141117	CB CARREFMARKET ST F. 141114 M JANN	0,00	7,40			20141231		
CE	CAISSE D'EPARGNE	809	20141118	606160	Carburant gazoil			6183007	20141118	CB E LECLERC  F. 151114 M JANNEQUIN	22,37	0,00			20141231		
CE	CAISSE D'EPARGNE	809	20141118	512100	Caisse d'épargne			6183007	20141118	CB E LECLERC  F. 151114 M JANNEQUIN	0,00	22,37			20141231		
CE	CAISSE D'EPARGNE	810	20141118	445660	Tva sur biens & services			6183007	20141118	CB E LECLERC  F. 151114 M JANNEQUIN	4,47	0,00			20141231		
CE	CAISSE D'EPARGNE	810	20141118	512100	Caisse d'épargne			6183007	20141118	CB E LECLERC  F. 151114 M JANNEQUIN	0,00	4,47			20141231		
CE	CAISSE D'EPARGNE	811	20141119	606160	Carburant gazoil			6183007	20141119	CB CARREFMARKET ST F. 181114 M JANN	21,27	0,00			20141231		
CE	CAISSE D'EPARGNE	811	20141119	512100	Caisse d'épargne			6183007	20141119	CB CARREFMARKET ST F. 181114 M JANN	0,00	21,27			20141231		
CE	CAISSE D'EPARGNE	812	20141119	445660	Tva sur biens & services			6183007	20141119	CB CARREFMARKET ST F. 181114 M JANN	4,25	0,00			20141231		
CE	CAISSE D'EPARGNE	812	20141119	512100	Caisse d'épargne			6183007	20141119	CB CARREFMARKET ST F. 181114 M JANN	0,00	4,25			20141231		
CE	CAISSE D'EPARGNE	813	20141119	625100	Voyages et déplacements			284	20141119	*++2500510720COFIROUTE *++250051072	24,92	0,00			20141231		
CE	CAISSE D'EPARGNE	813	20141119	512100	Caisse d'épargne			284	20141119	*++2500510720COFIROUTE *++250051072	0,00	24,92			20141231		
CE	CAISSE D'EPARGNE	814	20141119	445660	Tva sur biens & services			284	20141119	*++2500510720COFIROUTE *++250051072	4,98	0,00			20141231		
CE	CAISSE D'EPARGNE	814	20141119	512100	Caisse d'épargne			284	20141119	*++2500510720COFIROUTE *++250051072	0,00	4,98			20141231		
CE	CAISSE D'EPARGNE	815	20141120	606160	Carburant gazoil			6183007	20141120	CB CARREFMARKETDAC F. 191114 M JANN	17,06	0,00			20141231		
CE	CAISSE D'EPARGNE	815	20141120	512100	Caisse d'épargne			6183007	20141120	CB CARREFMARKETDAC F. 191114 M JANN	0,00	17,06			20141231		
CE	CAISSE D'EPARGNE	816	20141120	445660	Tva sur biens & services			6183007	20141120	CB CARREFMARKETDAC F. 191114 M JANN	3,41	0,00			20141231		
CE	CAISSE D'EPARGNE	816	20141120	512100	Caisse d'épargne			6183007	20141120	CB CARREFMARKETDAC F. 191114 M JANN	0,00	3,41			20141231		
CE	CAISSE D'EPARGNE	817	20141120	164500	Emprunt 8234663			286	20141120	ECH PRET 8234663 DU 20/11/14	372,27	0,00			20141231		
CE	CAISSE D'EPARGNE	817	20141120	512100	Caisse d'épargne			286	20141120	ECH PRET 8234663 DU 20/11/14	0,00	372,27			20141231		
CE	CAISSE D'EPARGNE	818	20141120	661100	Intérêts sur emprunts			286	20141120	ECH PRET 8234663 DU 20/11/14	37,78	0,00			20141231		
CE	CAISSE D'EPARGNE	818	20141120	512100	Caisse d'épargne			286	20141120	ECH PRET 8234663 DU 20/11/14	0,00	37,78			20141231		
CE	CAISSE D'EPARGNE	819	20141120	411000	Clients			287	20141120	VIR SEPA C.P.A.M. BLOIS C.P.A.M. BL	0,00	1091,86	X	20141130	20141231		
CE	CAISSE D'EPARGNE	819	20141120	512100	Caisse d'épargne			287	20141120	VIR SEPA C.P.A.M. BLOIS C.P.A.M. BL	1091,86	0,00			20141231		
CE	CAISSE D'EPARGNE	820	20141121	626200	Téléphone mobile			288	20141121	ORANGE MOB 10/2014	70,78	0,00			20141231		
CE	CAISSE D'EPARGNE	820	20141121	512100	Caisse d'épargne			288	20141121	ORANGE MOB 10/2014	0,00	70,78			20141231		
CE	CAISSE D'EPARGNE	821	20141121	445660	Tva sur biens & services			288	20141121	ORANGE MOB 10/2014	14,16	0,00			20141231		
CE	CAISSE D'EPARGNE	821	20141121	512100	Caisse d'épargne			288	20141121	ORANGE MOB 10/2014	0,00	14,16			20141231		
CE	CAISSE D'EPARGNE	822	20141121	616081	Assurance décès sur emprunt			289	20141121	*++PAP2 450PABPCE ASSURANCES *++PAP	81,00	0,00			20141231		
CE	CAISSE D'EPARGNE	822	20141121	512100	Caisse d'épargne			289	20141121	*++PAP2 450PABPCE ASSURANCES *++PAP	0,00	81,00			20141231		
CE	CAISSE D'EPARGNE	823	20141121	411000	Clients			290	20141121	VIR SEPA MSA BERRY-TOURAINE MSA BER	0,00	491,64	U	20141130	20141231		
CE	CAISSE D'EPARGNE	823	20141121	512100	Caisse d'épargne			290	20141121	VIR SEPA MSA BERRY-TOURAINE MSA BER	491,64	0,00			20141231		
CE	CAISSE D'EPARGNE	824	20141124	606300	Fournitures petits équipements			6183007	20141124	CB DARTY  OREILLETTE TEL IPHONE	33,32	0,00			20141231		
CE	CAISSE D'EPARGNE	824	20141124	512100	Caisse d'épargne			6183007	20141124	CB DARTY  OREILLETTE TEL IPHONE	0,00	33,32			20141231		
CE	CAISSE D'EPARGNE	825	20141124	445660	Tva sur biens & services			6183007	20141124	CB DARTY  OREILLETTE TEL IPHONE	6,66	0,00			20141231		
CE	CAISSE D'EPARGNE	825	20141124	512100	Caisse d'épargne			6183007	20141124	CB DARTY  OREILLETTE TEL IPHONE	0,00	6,66			20141231		
CE	CAISSE D'EPARGNE	826	20141124	606160	Carburant gazoil			6183007	20141124	CB CARREFMARKETDAC F. 211114 M JANN	28,73	0,00			20141231		
CE	CAISSE D'EPARGNE	826	20141124	512100	Caisse d'épargne			6183007	20141124	CB CARREFMARKETDAC F. 211114 M JANN	0,00	28,73			20141231		
CE	CAISSE D'EPARGNE	827	20141124	445660	Tva sur biens & services			6183007	20141124	CB CARREFMARKETDAC F. 211114 M JANN	5,75	0,00			20141231		
CE	CAISSE D'EPARGNE	827	20141124	512100	Caisse d'épargne			6183007	20141124	CB CARREFMARKETDAC F. 211114 M JANN	0,00	5,75			20141231		
CE	CAISSE D'EPARGNE	828	20141124	606160	Carburant gazoil			6183007	20141124	CB E LECLERC  F. 211114 M JANNEQUIN	17,98	0,00			20141231		
CE	CAISSE D'EPARGNE	828	20141124	512100	Caisse d'épargne			6183007	20141124	CB E LECLERC  F. 211114 M JANNEQUIN	0,00	17,98			20141231		
CE	CAISSE D'EPARGNE	829	20141124	445660	Tva sur biens & services			6183007	20141124	CB E LECLERC  F. 211114 M JANNEQUIN	3,60	0,00			20141231		
CE	CAISSE D'EPARGNE	829	20141124	512100	Caisse d'épargne			6183007	20141124	CB E LECLERC  F. 211114 M JANNEQUIN	0,00	3,60			20141231		
CE	CAISSE D'EPARGNE	830	20141125	615500	Entretien vehicules			6183007	20141125	CB PAYPAL  F. 241114 PIECES AUTO	77,90	0,00			20141231		
CE	CAISSE D'EPARGNE	830	20141125	512100	Caisse d'épargne			6183007	20141125	CB PAYPAL  F. 241114 PIECES AUTO	0,00	77,90			20141231		
CE	CAISSE D'EPARGNE	831	20141125	626200	Téléphone mobile			295	20141125	ORANGE MOB 11.2014	37,85	0,00			20141231		
CE	CAISSE D'EPARGNE	831	20141125	512100	Caisse d'épargne			295	20141125	ORANGE MOB 11.2014	0,00	37,85			20141231		
CE	CAISSE D'EPARGNE	832	20141125	445660	Tva sur biens & services			295	20141125	ORANGE MOB 11.2014	7,57	0,00			20141231		
CE	CAISSE D'EPARGNE	832	20141125	512100	Caisse d'épargne			295	20141125	ORANGE MOB 11.2014	0,00	7,57			20141231		
CE	CAISSE D'EPARGNE	833	20141125	164502	Emprunt 8249866			296	20141125	ECH PRET 8249866 DU 25/11/14	821,41	0,00			20141231		
CE	CAISSE D'EPARGNE	833	20141125	512100	Caisse d'épargne			296	20141125	ECH PRET 8249866 DU 25/11/14	0,00	821,41			20141231		
CE	CAISSE D'EPARGNE	834	20141125	661100	Intérêts sur emprunts			296	20141125	ECH PRET 8249866 DU 25/11/14	93,41	0,00			20141231		
CE	CAISSE D'EPARGNE	834	20141125	512100	Caisse d'épargne			296	20141125	ECH PRET 8249866 DU 25/11/14	0,00	93,41			20141231		
CE	CAISSE D'EPARGNE	835	20141127	606160	Carburant gazoil			6183007	20141127	CB E LECLERC  F. 251114 M JANNEQUIN	25,89	0,00			20141231		
CE	CAISSE D'EPARGNE	835	20141127	512100	Caisse d'épargne			6183007	20141127	CB E LECLERC  F. 251114 M JANNEQUIN	0,00	25,89			20141231		
CE	CAISSE D'EPARGNE	836	20141127	445660	Tva sur biens & services			6183007	20141127	CB E LECLERC  F. 251114 M JANNEQUIN	5,18	0,00			20141231		
CE	CAISSE D'EPARGNE	836	20141127	512100	Caisse d'épargne			6183007	20141127	CB E LECLERC  F. 251114 M JANNEQUIN	0,00	5,18			20141231		
CE	CAISSE D'EPARGNE	837	20141127	606160	Carburant gazoil			6183007	20141127	CB CARREFMARKET ST F. 251114 M JANN	42,53	0,00			20141231		
CE	CAISSE D'EPARGNE	837	20141127	512100	Caisse d'épargne			6183007	20141127	CB CARREFMARKET ST F. 251114 M JANN	0,00	42,53			20141231		
CE	CAISSE D'EPARGNE	838	20141127	445660	Tva sur biens & services			6183007	20141127	CB CARREFMARKET ST F. 251114 M JANN	8,51	0,00			20141231		
CE	CAISSE D'EPARGNE	838	20141127	512100	Caisse d'épargne			6183007	20141127	CB CARREFMARKET ST F. 251114 M JANN	0,00	8,51			20141231		
CE	CAISSE D'EPARGNE	839	20141127	615500	Entretien vehicules			6183007	20141127	CB VPA SARL EMBRAYAGE AP867QX	202,90	0,00			20141231		
CE	CAISSE D'EPARGNE	839	20141127	512100	Caisse d'épargne			6183007	20141127	CB VPA SARL EMBRAYAGE AP867QX	0,00	202,90			20141231		
CE	CAISSE D'EPARGNE	840	20141127	445660	Tva sur biens & services			6183007	20141127	CB VPA SARL  5008 EMBRAYAGE	40,58	0,00			20141231		
CE	CAISSE D'EPARGNE	840	20141127	512100	Caisse d'épargne			6183007	20141127	CB VPA SARL  5008 EMBRAYAGE	0,00	40,58			20141231		
CE	CAISSE D'EPARGNE	841	20141127	615500	Entretien vehicules			6183007	20141127	CB VENDOME PNEUS EQUILIBRAGE 4601SA41	33,33	0,00			20141231		
CE	CAISSE D'EPARGNE	841	20141127	512100	Caisse d'épargne			6183007	20141127	CB VENDOME PNEUS EQUILIBRAGE 4601SA41	0,00	33,33			20141231		
CE	CAISSE D'EPARGNE	842	20141127	445660	Tva sur biens & services			6183007	20141127	CB VENDOME PNEUS EQUILIBRAGE COMBI	6,67	0,00			20141231		
CE	CAISSE D'EPARGNE	842	20141127	512100	Caisse d'épargne			6183007	20141127	CB VENDOME PNEUS EQUILIBRAGE COMBI	0,00	6,67			20141231		
CE	CAISSE D'EPARGNE	843	20141127	626201	Téléphone fixe et internet			6183007	20141127	CB FTELECOMF.  11.2014	35,75	0,00			20141231		
CE	CAISSE D'EPARGNE	843	20141127	512100	Caisse d'épargne			6183007	20141127	CB FTELECOMF.  11.2014	0,00	35,75			20141231		
CE	CAISSE D'EPARGNE	844	20141127	445660	Tva sur biens & services			6183007	20141127	CB FTELECOMF.  11.2014	7,15	0,00			20141231		
CE	CAISSE D'EPARGNE	844	20141127	512100	Caisse d'épargne			6183007	20141127	CB FTELECOMF.  11.2014	0,00	7,15			20141231		
CE	CAISSE D'EPARGNE	845	20141128	411000	Clients			302	20141128	VIR SEPA C.P.A.M. BLOIS C.P.A.M. BL	0,00	78,38	BC	20141128	20141231		
CE	CAISSE D'EPARGNE	845	20141128	512100	Caisse d'épargne			302	20141128	VIR SEPA C.P.A.M. BLOIS C.P.A.M. BL	78,38	0,00			20141231		
CE	CAISSE D'EPARGNE	846	20141201	606160	Carburant gazoil			6183007	20141201	CB E.LECLERC  F. 281114 M JANNEQUIN	28,40	0,00			20141231		
CE	CAISSE D'EPARGNE	846	20141201	512100	Caisse d'épargne			6183007	20141201	CB E.LECLERC  F. 281114 M JANNEQUIN	0,00	28,40			20141231		
CE	CAISSE D'EPARGNE	847	20141201	445660	Tva sur biens & services			6183007	20141201	CB E.LECLERC  F. 281114 M JANNEQUIN	5,68	0,00			20141231		
CE	CAISSE D'EPARGNE	847	20141201	512100	Caisse d'épargne			6183007	20141201	CB E.LECLERC  F. 281114 M JANNEQUIN	0,00	5,68			20141231		
CE	CAISSE D'EPARGNE	848	20141201	108000	Compte de l'exploitant			304	20141201	SALAIRE	600,00	0,00			20141231		
CE	CAISSE D'EPARGNE	848	20141201	512100	Caisse d'épargne			304	20141201	SALAIRE	0,00	600,00			20141231		
CE	CAISSE D'EPARGNE	849	20141202	625100	Voyages et déplacements			6183007	20141202	CB ADP ROISSY F. 301114 M JANNEQUIN	9,00	0,00			20141231		
CE	CAISSE D'EPARGNE	849	20141202	512100	Caisse d'épargne			6183007	20141202	CB ADP ROISSY F. 301114 M JANNEQUIN	0,00	9,00			20141231		
CE	CAISSE D'EPARGNE	850	20141202	626200	Téléphone mobile			306	20141202	ORANGE MOB 11.2014	14,79	0,00			20141231		
CE	CAISSE D'EPARGNE	850	20141202	512100	Caisse d'épargne			306	20141202	ORANGE MOB 11.2014	0,00	14,79			20141231		
CE	CAISSE D'EPARGNE	851	20141202	445660	Tva sur biens & services			306	20141202	*++7820211384ORANGE *++7820211384OR	2,96	0,00			20141231		
CE	CAISSE D'EPARGNE	851	20141202	512100	Caisse d'épargne			306	20141202	*++7820211384ORANGE *++7820211384OR	0,00	2,96			20141231		
CE	CAISSE D'EPARGNE	852	20141204	606160	Carburant gazoil			6183007	20141204	CB DAC LECLERC BLO F. 021214 M JANN	57,77	0,00			20141231		
CE	CAISSE D'EPARGNE	852	20141204	512100	Caisse d'épargne			6183007	20141204	CB DAC LECLERC BLO F. 021214 M JANN	0,00	57,77			20141231		
CE	CAISSE D'EPARGNE	853	20141209	606160	Carburant gazoil			6183007	20141209	CB CARREFMARKETDAC F. 051214 M JANN	28,62	0,00			20141231		
CE	CAISSE D'EPARGNE	853	20141209	512100	Caisse d'épargne			6183007	20141209	CB CARREFMARKETDAC F. 051214 M JANN	0,00	28,62			20141231		
CE	CAISSE D'EPARGNE	854	20141209	445660	Tva sur biens & services			6183007	20141209	CB CARREFMARKETDAC F. 051214 M JANN	5,73	0,00			20141231		
CE	CAISSE D'EPARGNE	854	20141209	512100	Caisse d'épargne			6183007	20141209	CB CARREFMARKETDAC F. 051214 M JANN	0,00	5,73			20141231		
CE	CAISSE D'EPARGNE	855	20141209	615500	Entretien vehicules			6183007	20141209	CB EQUIP AUTO AMPOULE+DIESEL CLEAN	59,66	0,00			20141231		
CE	CAISSE D'EPARGNE	855	20141209	512100	Caisse d'épargne			6183007	20141209	CB EQUIP AUTO AMPOULE+DIESEL CLEAN	0,00	59,66			20141231		
CE	CAISSE D'EPARGNE	856	20141209	445660	Tva sur biens & services			6183007	20141209	CB EQUIP AUTO AMPOULE+DIESEL CLEAN	11,93	0,00			20141231		
CE	CAISSE D'EPARGNE	856	20141209	512100	Caisse d'épargne			6183007	20141209	CB EQUIP AUTO AMPOULE+DIESEL CLEAN	0,00	11,93			20141231		
CE	CAISSE D'EPARGNE	857	20141209	615500	Entretien vehicules			6183007	20141209	CB PAYPAL  F. 061214 PIECES AUTO	51,24	0,00			20141231		
CE	CAISSE D'EPARGNE	857	20141209	512100	Caisse d'épargne			6183007	20141209	CB PAYPAL  F. 061214 PIECES AUTO	0,00	51,24			20141231		
CE	CAISSE D'EPARGNE	858	20141210	606160	Carburant gazoil			6183007	20141210	CB DAC LECLERC BLO F. 081214 M JANN	19,13	0,00			20141231		
CE	CAISSE D'EPARGNE	858	20141210	512100	Caisse d'épargne			6183007	20141210	CB DAC LECLERC BLO F. 081214 M JANN	0,00	19,13			20141231		
CE	CAISSE D'EPARGNE	859	20141210	445660	Tva sur biens & services			6183007	20141210	CB DAC LECLERC BLO F. 081214 M JANN	3,83	0,00			20141231		
CE	CAISSE D'EPARGNE	859	20141210	512100	Caisse d'épargne			6183007	20141210	CB DAC LECLERC BLO F. 081214 M JANN	0,00	3,83			20141231		
CE	CAISSE D'EPARGNE	860	20141210	606160	Carburant gazoil			6183007	20141210	CB CARREFMARKET ST F. 081214 M JANN	27,57	0,00			20141231		
CE	CAISSE D'EPARGNE	860	20141210	512100	Caisse d'épargne			6183007	20141210	CB CARREFMARKET ST F. 081214 M JANN	0,00	27,57			20141231		
CE	CAISSE D'EPARGNE	861	20141210	445660	Tva sur biens & services			6183007	20141210	CB CARREFMARKET ST F. 081214 M JANN	5,52	0,00			20141231		
CE	CAISSE D'EPARGNE	861	20141210	512100	Caisse d'épargne			6183007	20141210	CB CARREFMARKET ST F. 081214 M JANN	0,00	5,52			20141231		
CE	CAISSE D'EPARGNE	862	20141210	613500	Location adresse electronique			313	20141210	*++LD08847482LOCAM *++LD08847482LOC	88,00	0,00			20141231		
CE	CAISSE D'EPARGNE	862	20141210	512100	Caisse d'épargne			313	20141210	*++LD08847482LOCAM *++LD08847482LOC	0,00	88,00			20141231		
CE	CAISSE D'EPARGNE	863	20141210	445660	Tva sur biens & services			313	20141210	*++LD08847482LOCAM *++LD08847482LOC	17,60	0,00			20141231		
CE	CAISSE D'EPARGNE	863	20141210	512100	Caisse d'épargne			313	20141210	*++LD08847482LOCAM *++LD08847482LOC	0,00	17,60			20141231		
CE	CAISSE D'EPARGNE	864	20141210	411000	Clients			314	20141210	VIR SEPA MSA BERRY-TOURAINE MSA BER	0,00	860,37	S	20141231	20141231		
CE	CAISSE D'EPARGNE	864	20141210	512100	Caisse d'épargne			314	20141210	VIR SEPA MSA BERRY-TOURAINE MSA BER	860,37	0,00			20141231		
CE	CAISSE D'EPARGNE	865	20141210	411000	Clients			315	20141210	VIR SEPA C.P.A.M. BLOIS C.P.A.M. BL	0,00	338,56	S	20141231	20141231		
CE	CAISSE D'EPARGNE	865	20141210	512100	Caisse d'épargne			315	20141210	VIR SEPA C.P.A.M. BLOIS C.P.A.M. BL	338,56	0,00			20141231		
CE	CAISSE D'EPARGNE	866	20141210	646400	Rsi ava vieillesse urssaf mala			316	20141210	VIR SEPA CNRSI DU CENTRE CED 493561	0,00	10712,00			20141231		
CE	CAISSE D'EPARGNE	866	20141210	512100	Caisse d'épargne			316	20141210	VIR SEPA CNRSI DU CENTRE CED 493561	10712,00	0,00			20141231		
CE	CAISSE D'EPARGNE	867	20141212	625100	Voyages et déplacements			6183007	20141212	CB BF BLOIS 026 F. 101214 M JANNEQU	31,55	0,00			20141231		
CE	CAISSE D'EPARGNE	867	20141212	512100	Caisse d'épargne			6183007	20141212	CB BF BLOIS 026 F. 101214 M JANNEQU	0,00	31,55			20141231		
CE	CAISSE D'EPARGNE	868	20141212	445660	Tva sur biens & services			6183007	20141212	CB BF BLOIS 026 F. 101214 M JANNEQU	3,15	0,00			20141231		
CE	CAISSE D'EPARGNE	868	20141212	512100	Caisse d'épargne			6183007	20141212	CB BF BLOIS 026 F. 101214 M JANNEQU	0,00	3,15			20141231		
CE	CAISSE D'EPARGNE	869	20141212	625100	Voyages et déplacements			6183007	20141212	CB COFIROUTE  F. 081214 M JANNEQUIN	10,58	0,00			20141231		
CE	CAISSE D'EPARGNE	869	20141212	512100	Caisse d'épargne			6183007	20141212	CB COFIROUTE  F. 081214 M JANNEQUIN	0,00	10,58			20141231		
CE	CAISSE D'EPARGNE	870	20141212	445660	Tva sur biens & services			6183007	20141212	CB COFIROUTE  F. 081214 M JANNEQUIN	2,12	0,00			20141231		
CE	CAISSE D'EPARGNE	870	20141212	512100	Caisse d'épargne			6183007	20141212	CB COFIROUTE  F. 081214 M JANNEQUIN	0,00	2,12			20141231		
CE	CAISSE D'EPARGNE	871	20141212	606160	Carburant gazoil			6183007	20141212	CB E LECLERC  F. 101214 M JANNEQUIN	42,57	0,00			20141231		
CE	CAISSE D'EPARGNE	871	20141212	512100	Caisse d'épargne			6183007	20141212	CB E LECLERC  F. 101214 M JANNEQUIN	0,00	42,57			20141231		
CE	CAISSE D'EPARGNE	872	20141212	445660	Tva sur biens & services			6183007	20141212	CB E LECLERC  F. 101214 M JANNEQUIN	8,51	0,00			20141231		
CE	CAISSE D'EPARGNE	872	20141212	512100	Caisse d'épargne			6183007	20141212	CB E LECLERC  F. 101214 M JANNEQUIN	0,00	8,51			20141231		
CE	CAISSE D'EPARGNE	873	20141212	616000	Assurance covea			0000330	20141212	COVEA ASS 10-12/2014	545,00	0,00			20141231		
CE	CAISSE D'EPARGNE	873	20141212	512100	Caisse d'épargne			0000330	20141212	COVEA ASS 10-12/2014	0,00	545,00			20141231		
CE	CAISSE D'EPARGNE	874	20141213	606160	Carburant gazoil			6183007	20141213	CB CARREFMARKET ST F. 111214 M JANN	36,98	0,00			20141231		
CE	CAISSE D'EPARGNE	874	20141213	512100	Caisse d'épargne			6183007	20141213	CB CARREFMARKET ST F. 111214 M JANN	0,00	36,98			20141231		
CE	CAISSE D'EPARGNE	875	20141213	445660	Tva sur biens & services			6183007	20141213	CB CARREFMARKET ST F. 111214 M JANN	7,40	0,00			20141231		
CE	CAISSE D'EPARGNE	875	20141213	512100	Caisse d'épargne			6183007	20141213	CB CARREFMARKET ST F. 111214 M JANN	0,00	7,40			20141231		
CE	CAISSE D'EPARGNE	876	20141215	164503	Emprunt 8257883			322	20141215	ECH PRET 8257883 DU 15/12/14	173,96	0,00			20141231		
CE	CAISSE D'EPARGNE	876	20141215	512100	Caisse d'épargne			322	20141215	ECH PRET 8257883 DU 15/12/14	0,00	173,96			20141231		
CE	CAISSE D'EPARGNE	877	20141215	661100	Intérêts sur emprunts			322	20141215	ECH PRET 8257883 DU 15/12/14	10,72	0,00			20141231		
CE	CAISSE D'EPARGNE	877	20141215	512100	Caisse d'épargne			322	20141215	ECH PRET 8257883 DU 15/12/14	0,00	10,72			20141231		
CE	CAISSE D'EPARGNE	878	20141215	411000	Clients			323	20141215	VIR SEPA C.P.A.M. BLOIS C.P.A.M. BL	0,00	575,84	BB	20141231	20141231		
CE	CAISSE D'EPARGNE	878	20141215	512100	Caisse d'épargne			323	20141215	VIR SEPA C.P.A.M. BLOIS C.P.A.M. BL	575,84	0,00			20141231		
CE	CAISSE D'EPARGNE	879	20141216	606300	Fournitures petits équipements			6183007	20141216	DRIELANDIS GENERATEUR AIR CHAUD	259,00	0,00			20141231		
CE	CAISSE D'EPARGNE	879	20141216	512100	Caisse d'épargne			6183007	20141216	DRIELANDIS GENERATEUR AIR CHAUD	0,00	259,00			20141231		
CE	CAISSE D'EPARGNE	880	20141216	445660	Tva sur biens & services			6183007	20141216	DRIELANDIS GENERATEUR AIR CHAUD	18,50	0,00			20141231		
CE	CAISSE D'EPARGNE	880	20141216	512100	Caisse d'épargne			6183007	20141216	DRIELANDIS GENERATEUR AIR CHAUD	0,00	18,50			20141231		
CE	CAISSE D'EPARGNE	881	20141216	411000	Clients			325	20141216	VIR SEPA LMG R.OBLIGATOIRE LMG R.OB	0,00	127,84	S	20141231	20141231		
CE	CAISSE D'EPARGNE	881	20141216	512100	Caisse d'épargne			325	20141216	VIR SEPA LMG R.OBLIGATOIRE LMG R.OB	127,84	0,00			20141231		
CE	CAISSE D'EPARGNE	882	20141219	606160	Carburant gazoil			6183007	20141219	CB CARREFMARKET ST F. 171214 M JANN	25,32	0,00			20141231		
CE	CAISSE D'EPARGNE	882	20141219	512100	Caisse d'épargne			6183007	20141219	CB CARREFMARKET ST F. 171214 M JANN	0,00	25,32			20141231		
CE	CAISSE D'EPARGNE	883	20141219	445660	Tva sur biens & services			6183007	20141219	CB CARREFMARKET ST F. 171214 M JANN	5,06	0,00			20141231		
CE	CAISSE D'EPARGNE	883	20141219	512100	Caisse d'épargne			6183007	20141219	CB CARREFMARKET ST F. 171214 M JANN	0,00	5,06			20141231		
CE	CAISSE D'EPARGNE	884	20141219	625100	Voyages et déplacements			327	20141219	*++2500510720COFIROUTE *++250051072	76,10	0,00			20141231		
CE	CAISSE D'EPARGNE	884	20141219	512100	Caisse d'épargne			327	20141219	*++2500510720COFIROUTE *++250051072	0,00	76,10			20141231		
CE	CAISSE D'EPARGNE	885	20141219	616081	Assurance décès sur emprunt			328	20141219	*++PAP2 450PABPCE ASSURANCES *++PAP	81,00	0,00			20141231		
CE	CAISSE D'EPARGNE	885	20141219	512100	Caisse d'épargne			328	20141219	*++PAP2 450PABPCE ASSURANCES *++PAP	0,00	81,00			20141231		
CE	CAISSE D'EPARGNE	886	20141220	627800	Autres services bancaires			329	20141220	* FRAIS DOSSIER SUR DECOUVERT	39,00	0,00			20141231		
CE	CAISSE D'EPARGNE	886	20141220	512100	Caisse d'épargne			329	20141220	* FRAIS DOSSIER SUR DECOUVERT	0,00	39,00			20141231		
CE	CAISSE D'EPARGNE	887	20141220	606160	Carburant gazoil			6183007	20141220	CB E LECLERC  F. 181214 M JANNEQUIN	68,62	0,00			20141231		
CE	CAISSE D'EPARGNE	887	20141220	512100	Caisse d'épargne			6183007	20141220	CB E LECLERC  F. 181214 M JANNEQUIN	0,00	68,62			20141231		
CE	CAISSE D'EPARGNE	888	20141220	445660	Tva sur biens & services			6183007	20141220	CB E LECLERC  F. 181214 M JANNEQUIN	13,73	0,00			20141231		
CE	CAISSE D'EPARGNE	888	20141220	512100	Caisse d'épargne			6183007	20141220	CB E LECLERC  F. 181214 M JANNEQUIN	0,00	13,73			20141231		
CE	CAISSE D'EPARGNE	889	20141220	164500	Emprunt 8234663			331	20141220	ECH PRET 8234663 DU 20/12/14	373,09	0,00			20141231		
CE	CAISSE D'EPARGNE	889	20141220	512100	Caisse d'épargne			331	20141220	ECH PRET 8234663 DU 20/12/14	0,00	373,09			20141231		
CE	CAISSE D'EPARGNE	890	20141220	661100	Intérêts sur emprunts			331	20141220	ECH PRET 8234663 DU 20/12/14	36,96	0,00			20141231		
CE	CAISSE D'EPARGNE	890	20141220	512100	Caisse d'épargne			331	20141220	ECH PRET 8234663 DU 20/12/14	0,00	36,96			20141231		
CE	CAISSE D'EPARGNE	891	20141222	625100	Voyages et déplacements			6183007	20141222	CB ROYAL BUFFET F. 191214 M JANNEQU	31,45	0,00			20141231		
CE	CAISSE D'EPARGNE	891	20141222	512100	Caisse d'épargne			6183007	20141222	CB ROYAL BUFFET F. 191214 M JANNEQU	0,00	31,45			20141231		
CE	CAISSE D'EPARGNE	892	20141222	445660	Tva sur biens & services			6183007	20141222	CB ROYAL BUFFET F. 191214 M JANNEQU	3,15	0,00			20141231		
CE	CAISSE D'EPARGNE	892	20141222	512100	Caisse d'épargne			6183007	20141222	CB ROYAL BUFFET F. 191214 M JANNEQU	0,00	3,15			20141231		
CE	CAISSE D'EPARGNE	893	20141222	411000	Clients			333	20141222	VIR SEPA MSA BERRY-TOURAINE MSA BER	0,00	873,63	Y	20141231	20141231		
CE	CAISSE D'EPARGNE	893	20141222	512100	Caisse d'épargne			333	20141222	VIR SEPA MSA BERRY-TOURAINE MSA BER	873,63	0,00			20141231		
CE	CAISSE D'EPARGNE	894	20141222	411000	Clients			334	20141222	VIR SEPA C.P.A.M. BLOIS C.P.A.M. BL	0,00	628,70			20141231		
CE	CAISSE D'EPARGNE	894	20141222	512100	Caisse d'épargne			334	20141222	VIR SEPA C.P.A.M. BLOIS C.P.A.M. BL	628,70	0,00			20141231		
CE	CAISSE D'EPARGNE	895	20141223	615500	Entretien vehicules			6183007	20141223	CB PAYPAL  F. 201214 PIECE AUTO	78,09	0,00			20141231		
CE	CAISSE D'EPARGNE	895	20141223	512100	Caisse d'épargne			6183007	20141223	CB PAYPAL  F. 201214 PIECE AUTO	0,00	78,09			20141231		
CE	CAISSE D'EPARGNE	896	20141223	108000	Compte de l'exploitant			6183007	20141223	CB PISCINE ONLINES POMPE A CHALEUR ACPTE	252,00	0,00			20141231		
CE	CAISSE D'EPARGNE	896	20141223	512100	Caisse d'épargne			6183007	20141223	CB PISCINE ONLINES POMPE A CHALEUR ACPTE	0,00	252,00			20141231		
CE	CAISSE D'EPARGNE	897	20141223	606160	Carburant gazoil			6183007	20141223	CB SA DESHAYES CHA F. 211214 M JANN	22,90	0,00			20141231		
CE	CAISSE D'EPARGNE	897	20141223	512100	Caisse d'épargne			6183007	20141223	CB SA DESHAYES CHA F. 211214 M JANN	0,00	22,90			20141231		
CE	CAISSE D'EPARGNE	898	20141223	445660	Tva sur biens & services			6183007	20141223	CB SA DESHAYES CHA F. 211214 M JANN	4,58	0,00			20141231		
CE	CAISSE D'EPARGNE	898	20141223	512100	Caisse d'épargne			6183007	20141223	CB SA DESHAYES CHA F. 211214 M JANN	0,00	4,58			20141231		
CE	CAISSE D'EPARGNE	899	20141223	635110	Cet (Cfe et Cvae)			338	20141223	REGLEMENT IMPOT CFE 600049297429TLR	560,00	0,00			20141231		
CE	CAISSE D'EPARGNE	899	20141223	512100	Caisse d'épargne			338	20141223	REGLEMENT IMPOT CFE 600049297429TLR	0,00	560,00			20141231		
CE	CAISSE D'EPARGNE	900	20141223	411000	Clients			339	20141223	VIR SEPA LMG R.OBLIGATOIRE LMG R.OB	0,00	158,89	T	20141231	20141231		
CE	CAISSE D'EPARGNE	900	20141223	512100	Caisse d'épargne			339	20141223	VIR SEPA LMG R.OBLIGATOIRE LMG R.OB	158,89	0,00			20141231		
CE	CAISSE D'EPARGNE	901	20141224	606160	Carburant gazoil			6183007	20141224	CB RELAIS TOURS F. 221214 M JANNEQU	62,62	0,00			20141231		
CE	CAISSE D'EPARGNE	901	20141224	512100	Caisse d'épargne			6183007	20141224	CB RELAIS TOURS F. 221214 M JANNEQU	0,00	62,62			20141231		
CE	CAISSE D'EPARGNE	902	20141224	445660	Tva sur biens & services			6183007	20141224	CB RELAIS TOURS F. 221214 M JANNEQU	12,52	0,00			20141231		
CE	CAISSE D'EPARGNE	902	20141224	512100	Caisse d'épargne			6183007	20141224	CB RELAIS TOURS F. 221214 M JANNEQU	0,00	12,52			20141231		
CE	CAISSE D'EPARGNE	903	20141226	164502	Emprunt 8249866			341	20141226	ECH PRET 8249866 DU 25/12/14	823,43	0,00			20141231		
CE	CAISSE D'EPARGNE	903	20141226	512100	Caisse d'épargne			341	20141226	ECH PRET 8249866 DU 25/12/14	0,00	823,43			20141231		
CE	CAISSE D'EPARGNE	904	20141226	661100	Intérêts sur emprunts			341	20141226	ECH PRET 8249866 DU 25/12/14	91,39	0,00			20141231		
CE	CAISSE D'EPARGNE	904	20141226	512100	Caisse d'épargne			341	20141226	ECH PRET 8249866 DU 25/12/14	0,00	91,39			20141231		
CE	CAISSE D'EPARGNE	905	20141226	606160	Carburant gazoil			6183007	20141226	CB CARREFMARKETDAC F. 231214 M JANN	18,79	0,00			20141231		
CE	CAISSE D'EPARGNE	905	20141226	512100	Caisse d'épargne			6183007	20141226	CB CARREFMARKETDAC F. 231214 M JANN	0,00	18,79			20141231		
CE	CAISSE D'EPARGNE	906	20141226	445660	Tva sur biens & services			6183007	20141226	CB CARREFMARKETDAC F. 231214 M JANN	3,76	0,00			20141231		
CE	CAISSE D'EPARGNE	906	20141226	512100	Caisse d'épargne			6183007	20141226	CB CARREFMARKETDAC F. 231214 M JANN	0,00	3,76			20141231		
CE	CAISSE D'EPARGNE	907	20141227	606160	Carburant gazoil			6183007	20141227	CB DAC LECLERC BLO F. 241214 M JANN	32,25	0,00			20141231		
CE	CAISSE D'EPARGNE	907	20141227	512100	Caisse d'épargne			6183007	20141227	CB DAC LECLERC BLO F. 241214 M JANN	0,00	32,25			20141231		
CE	CAISSE D'EPARGNE	908	20141227	445660	Tva sur biens & services			6183007	20141227	CB DAC LECLERC BLO F. 241214 M JANN	6,45	0,00			20141231		
CE	CAISSE D'EPARGNE	908	20141227	512100	Caisse d'épargne			6183007	20141227	CB DAC LECLERC BLO F. 241214 M JANN	0,00	6,45			20141231		
CE	CAISSE D'EPARGNE	909	20141230	615500	Entretien vehicules			6183007	20141230	CB PAYPAL  F. 251214 PIECE AUTO	98,75	0,00			20141231		
CE	CAISSE D'EPARGNE	909	20141230	512100	Caisse d'épargne			6183007	20141230	CB PAYPAL  F. 251214 PIECE AUTO	0,00	98,75			20141231		
CE	CAISSE D'EPARGNE	910	20141230	625100	Voyages et déplacements			6183007	20141230	CB LE POGGIO  F. 261214 M JANNEQUIN	32,82	0,00			20141231		
CE	CAISSE D'EPARGNE	910	20141230	512100	Caisse d'épargne			6183007	20141230	CB LE POGGIO  F. 261214 M JANNEQUIN	0,00	32,82			20141231		
CE	CAISSE D'EPARGNE	911	20141230	445660	Tva sur biens & services			6183007	20141230	CB LE POGGIO  F. 261214 M JANNEQUIN	3,28	0,00			20141231		
CE	CAISSE D'EPARGNE	911	20141230	512100	Caisse d'épargne			6183007	20141230	CB LE POGGIO  F. 261214 M JANNEQUIN	0,00	3,28			20141231		
CE	CAISSE D'EPARGNE	912	20141230	606160	Carburant gazoil			6183007	20141230	CB RELAIS TOURS F. 261214 M JANNEQU	37,63	0,00			20141231		
CE	CAISSE D'EPARGNE	912	20141230	512100	Caisse d'épargne			6183007	20141230	CB RELAIS TOURS F. 261214 M JANNEQU	0,00	37,63			20141231		
CE	CAISSE D'EPARGNE	913	20141230	445660	Tva sur biens & services			6183007	20141230	CB RELAIS TOURS F. 261214 M JANNEQU	7,53	0,00			20141231		
CE	CAISSE D'EPARGNE	913	20141230	512100	Caisse d'épargne			6183007	20141230	CB RELAIS TOURS F. 261214 M JANNEQU	0,00	7,53			20141231		
CE	CAISSE D'EPARGNE	914	20141230	626200	Téléphone mobile			347	20141230	ORANGE MOB 12.2014	45,94	0,00			20141231		
CE	CAISSE D'EPARGNE	914	20141230	512100	Caisse d'épargne			347	20141230	ORANGE MOB 12.2014	0,00	45,94			20141231		
CE	CAISSE D'EPARGNE	915	20141230	445660	Tva sur biens & services			347	20141230	ORANGE MOB 12.2014	9,18	0,00			20141231		
CE	CAISSE D'EPARGNE	915	20141230	512100	Caisse d'épargne			347	20141230	ORANGE MOB 12.2014	0,00	9,18			20141231		
CE	CAISSE D'EPARGNE	916	20141231	615500	Entretien vehicules			6183007	20141231	CB PAYPAL  F. 291214 PIECES AUTO	34,44	0,00			20141231		
CE	CAISSE D'EPARGNE	916	20141231	512100	Caisse d'épargne			6183007	20141231	CB PAYPAL  F. 291214 PIECES AUTO	0,00	34,44			20141231		
CE	CAISSE D'EPARGNE	917	20141231	606160	Carburant gazoil			6183007	20141231	CB CHANCEAUX DIS F. 291214 M JANNEQ	17,82	0,00			20141231		
CE	CAISSE D'EPARGNE	917	20141231	512100	Caisse d'épargne			6183007	20141231	CB CHANCEAUX DIS F. 291214 M JANNEQ	0,00	17,82			20141231		
CE	CAISSE D'EPARGNE	918	20141231	445660	Tva sur biens & services			6183007	20141231	CB CHANCEAUX DIS F. 291214 M JANNEQ	3,56	0,00			20141231		
CE	CAISSE D'EPARGNE	918	20141231	512100	Caisse d'épargne			6183007	20141231	CB CHANCEAUX DIS F. 291214 M JANNEQ	0,00	3,56			20141231		
CE	CAISSE D'EPARGNE	919	20141231	606160	Carburant gazoil			6183007	20141231	CB DAC LECLERC BLO F. 271214 M JANN	22,40	0,00			20141231		
CE	CAISSE D'EPARGNE	919	20141231	512100	Caisse d'épargne			6183007	20141231	CB DAC LECLERC BLO F. 271214 M JANN	0,00	22,40			20141231		
CE	CAISSE D'EPARGNE	920	20141231	445660	Tva sur biens & services			6183007	20141231	CB DAC LECLERC BLO F. 271214 M JANN	4,48	0,00			20141231		
CE	CAISSE D'EPARGNE	920	20141231	512100	Caisse d'épargne			6183007	20141231	CB DAC LECLERC BLO F. 271214 M JANN	0,00	4,48			20141231		
CE	CAISSE D'EPARGNE	921	20141231	626200	Téléphone mobile			351	20141231	ORANGE MOB 12.2014	10,40	0,00			20141231		
CE	CAISSE D'EPARGNE	921	20141231	512100	Caisse d'épargne			351	20141231	ORANGE MOB 12.2014	0,00	10,40			20141231		
CE	CAISSE D'EPARGNE	922	20141231	445660	Tva sur biens & services			351	20141231	ORANGE MOB 12.2014	2,08	0,00			20141231		
CE	CAISSE D'EPARGNE	922	20141231	512100	Caisse d'épargne			351	20141231	ORANGE MOB 12.2014	0,00	2,08			20141231		
che	Od chevauchement	923	20140101	661100	Intérêts sur emprunts			A	20140101	EXT INT COURUS EMP 164500	0,00	12,67			20141231		
che	Od chevauchement	923	20140101	168840	Interets courus s/emprunts			A	20140101	EXT INT COURUS EMP 164500	12,67	0,00	A	20140101	20141231		
che	Od chevauchement	924	20140101	661100	Intérêts sur emprunts			B	20140101	EXT INT COURUS EMP 164502	0,00	15,98			20141231		
che	Od chevauchement	924	20140101	168840	Interets courus s/emprunts			B	20140101	EXT INT COURUS EMP 164502	15,98	0,00	A	20140101	20141231		
che	Od chevauchement	925	20140101	661100	Intérêts sur emprunts			C	20140101	EXT INT COURUS EMP 164503	0,00	6,00			20141231		
che	Od chevauchement	925	20140101	168840	Interets courus s/emprunts			C	20140101	EXT INT COURUS EMP 164503	6,00	0,00	A	20140101	20141231		
che	Od chevauchement	926	20140101	661600	Agios bancaires			D	20140101	EXT INT DEB 4TR13	0,00	46,91			20141231		
che	Od chevauchement	926	20140101	518600	Intérêts courus a payer			D	20140101	EXT INT DEB 4TR13	46,91	0,00	A	20140101	20141231		
che	Od chevauchement	927	20140101	627800	Autres services bancaires			E	20140101	EXT FNP COM 4TR13	0,00	13,56			20141231		
che	Od chevauchement	927	20140101	408100	Fournisseurs fnp			E	20140101	EXT FNP COM 4TR13	13,56	0,00	A	20140101	20141231		
che	Od chevauchement	928	20140101	409800	Fournisseurs avoirs à recevoir			F	20140101	EXT AAR FITECO AV FORMATION EBP 	0,00	390,00	A	20140101	20141231		
che	Od chevauchement	928	20140101	622600	Honoraires comptables			F	20140101	EXT AAR FITECO AV FORMATION EBP 	325,00	0,00			20141231		
che	Od chevauchement	928	20140101	445870	Tva sur avoirs à recevoir			F	20140101	EXT AAR FITECO AV FORMATION EBP 	65,00	0,00	A	20140101	20141231		
che	Od chevauchement	929	20140101	622600	Honoraires comptables			G	20140101	EXT FNP FITECO 1ACPTE13 30/04/14	0,00	1050,00			20141231		
che	Od chevauchement	929	20140101	445860	Tva sur factures non parvenues			G	20140101	EXT FNP FITECO 1ACPTE13 30/04/14	0,00	210,00	A	20140101	20141231		
che	Od chevauchement	929	20140101	408100	Fournisseurs fnp			G	20140101	EXT FNP FITECO 1ACPTE13 30/04/14	1260,00	0,00	A	20140101	20141231		
che	Od chevauchement	930	20140101	622600	Honoraires comptables			H	20140101	EXT FNP FITECO 2ACPTE13 31/05/14	0,00	1050,00			20141231		
che	Od chevauchement	930	20140101	445860	Tva sur factures non parvenues			H	20140101	EXT FNP FITECO 2ACPTE13 31/05/14	0,00	210,00	A	20140101	20141231		
che	Od chevauchement	930	20140101	408100	Fournisseurs fnp			H	20140101	EXT FNP FITECO 2ACPTE13 31/05/14	1260,00	0,00	A	20140101	20141231		
che	Od chevauchement	931	20140101	622600	Honoraires comptables			I	20140101	EXT FNP FITECO SOLDE 2013 LM	0,00	133,00			20141231		
che	Od chevauchement	931	20140101	445860	Tva sur factures non parvenues			I	20140101	EXT FNP FITECO SOLDE 2013 LM	0,00	26,60	A	20140101	20141231		
che	Od chevauchement	931	20140101	408100	Fournisseurs fnp			I	20140101	EXT FNP FITECO SOLDE 2013 LM	159,60	0,00	A	20140101	20141231		
che	Od chevauchement	932	20140101	661600	Agios bancaires			J	20140101	EXT AGIOS 4TR13	0,00	36,11			20141231		
che	Od chevauchement	932	20140101	518600	Intérêts courus a payer			J	20140101	EXT AGIOS 4TR13	36,11	0,00	A	20140101	20141231		
che	Od chevauchement	933	20140101	486100	Charges constatées d'avance			K	20140101	EXT CCA COT'TNS	0,00	9729,00	A	20140101	20141231		
che	Od chevauchement	933	20140101	637810	Csg deductible			K	20140101	EXT CCA COT'TNS CSG DED	1727,00	0,00			20141231		
che	Od chevauchement	933	20140101	646400	Rsi ava vieillesse urssaf mala			K	20140101	EXT CCA COT'TNS RSI	8002,00	0,00			20141231		
che	Od chevauchement	934	20141231	661600	Agios bancaires			B11000	20141231	Int. Courus - CE AGIOS 4TR14	11,37	0,00			20141231		
che	Od chevauchement	934	20141231	518600	Intérêts courus a payer			B11000	20141231	Interets courus - B518	0,00	11,37			20141231		
che	Od chevauchement	935	20141231	661100	Intérêts sur emprunts			B05000	20141231	Emprunts - Int. courus - B16	25,44	0,00			20141231		
che	Od chevauchement	935	20141231	168840	Interets courus s/emprunts			B05000	20141231	Emprunts - Int. courus - B16	0,00	25,44			20141231		
che	Od chevauchement	936	20141231	408100	Fournisseurs fnp			CD06000	20141231	FNP - Factures non parvenues TTC	0,00	1896,00			20141231		
che	Od chevauchement	936	20141231	445860	Tva sur factures non parvenues			CD06000	20141231	FNP - Tva sur factures non parvenues	316,00	0,00			20141231		
che	Od chevauchement	936	20141231	622600	Honoraires comptables			CD06000	20141231	FNP - FITECO Solde 2014 	1180,00	0,00			20141231		
che	Od chevauchement	936	20141231	622600	Honoraires comptables			CD06000	20141231	FNP - FITECO Exceptionnel Projet	400,00	0,00			20141231		
che	Od chevauchement	937	20141231	637810	Csg deductible			COT TNS	20141231	CSG DED A PAYER	584,00	0,00			20141231		
che	Od chevauchement	937	20141231	438614	Rsi cotis cap			COT TNS	20141231	CSG DED A PAYER	0,00	584,00			20141231		
che	Od chevauchement	938	20141231	646400	Rsi ava vieillesse urssaf mala			COT TNS	20141231	RSI A PAYER	1744,00	0,00			20141231		
che	Od chevauchement	938	20141231	438614	Rsi cotis cap			COT TNS	20141231	RSI A PAYER	0,00	1744,00			20141231		
Im	DOTATIONS AMORT.	939	20141231	681120	Dotations aux amortissements			dot.	20141231	DOT. Instal techniques mat et outi	121,90	0,00			20141231		
Im	DOTATIONS AMORT.	939	20141231	281500	Amort inst techn materiel outi			dot.	20141231	DOT. Instal techniques mat et outi	0,00	121,90			20141231		
Im	DOTATIONS AMORT.	940	20141231	681120	Dotations aux amortissements			dot.	20141231	DOT. Materiel de transport	8513,32	0,00			20141231		
Im	DOTATIONS AMORT.	940	20141231	281820	Amort materiel de transport			dot.	20141231	DOT. Materiel de transport	0,00	8513,32			20141231		
Im	DOTATIONS AMORT.	941	20141231	681120	Dotations aux amortissements			dot.	20141231	DOT. Materiel informatique	15,61	0,00			20141231		
Im	DOTATIONS AMORT.	941	20141231	281830	Amort materiel informatique			dot.	20141231	DOT. Materiel informatique	0,00	15,61			20141231		
Im	DOTATIONS AMORT.	942	20141231	281820	Amort materiel de transport			dot.	20141231	Sortie Materiel de transport	14252,33	0,00			20141231		
Im	DOTATIONS AMORT.	942	20141231	675200	VNC des immobilisations cédées			dot.	20141231	Sortie Materiel de transport	2647,67	0,00			20141231		
Im	DOTATIONS AMORT.	942	20141231	218200	Materiel de transport			dot.	20141231	Sortie Materiel de transport	0,00	16900,00			20141231		
odf	Opération diverses	943	20140101	108900	Apport personnel			01	20140101	Affectation Compte Perso	5707,53	0,00	A	20140101	20141231		
odf	Opération diverses	943	20140101	101000	Capital individuel			01	20140101	Affectation Compte Perso	0,00	5707,53			20141231		
odf	Opération diverses	944	20140101	108000	Compte de l'exploitant			02	20140101	Affectation Compte exploitant	0,00	12062,48	A	20140101	20141231		
odf	Opération diverses	944	20140101	101000	Capital individuel			02	20140101	Affectation Compte exploitant	12062,48	0,00			20141231		
odf	Opération diverses	945	20140101	101000	Capital individuel			03	20140101	Affectation résultat 2013	6230,48	0,00			20141231		
odf	Opération diverses	945	20140101	880000	Resultat en attente d'affect.			03	20140101	Affectation résultat 2013	0,00	6230,48	A	20140101	20141231		
odf	Opération diverses	946	20140131	445712	TVA collectée 20%			TVA	20140131	TVA 01/2014	53,00	0,00	A	20141231	20141231		
odf	Opération diverses	946	20140131	445711	TVA collectée 10%			TVA	20140131	TVA 01/2014	320,00	0,00	B	20141130	20141231		
odf	Opération diverses	946	20140131	445660	Tva sur biens & services			TVA	20140131	TVA 01/2014	0,00	691,00	A	20141231	20141231		
odf	Opération diverses	946	20140131	445670	Crédit de tva a reporter			TVA	20140131	TVA 01/2014	0,00	121,00	A	20140831	20141231		
odf	Opération diverses	946	20140131	445670	Crédit de tva a reporter			TVA	20140131	TVA 01/2014	439,00	0,00	A	20140831	20141231		
odf	Opération diverses	947	20140228	445711	TVA collectée 10%			TVA	20140228	TVA 02/2014	808,00	0,00	C	20141231	20141231		
odf	Opération diverses	947	20140228	445660	Tva sur biens & services			TVA	20140228	TVA 02/2014	0,00	325,00	A	20141231	20141231		
odf	Opération diverses	947	20140228	445670	Crédit de tva a reporter			TVA	20140228	TVA 02/2014	0,00	439,00	A	20140831	20141231		
odf	Opération diverses	947	20140228	445500	Tva a décaisser			TVA	20140228	TVA 02/2014	0,00	44,00	A	20140326	20141231		
odf	Opération diverses	948	20140228	626201	Téléphone fixe et internet			02.01	20140228	ORANGE INT 02/2014	35,75	0,00			20141231		
odf	Opération diverses	948	20140228	445660	Tva sur biens & services			02.01	20140228	ORANGE INT 02/2014	7,15	0,00	A	20141231	20141231		
odf	Opération diverses	948	20140228	108900	Apport personnel			02.01	20140228	ORANGE INT 02/2014	0,00	42,90			20141231		
odf	Opération diverses	949	20140331	445711	TVA collectée 10%			TVA	20140331	TVA 03/2014	343,00	0,00	B	20141130	20141231		
odf	Opération diverses	949	20140331	445620	Tva sur immobilisations			TVA	20140331	TVA 03/2014	0,00	2247,00			20141231		
odf	Opération diverses	949	20140331	445670	Crédit de tva a reporter			TVA	20140331	TVA 03/2014	1904,00	0,00	A	20140831	20141231		
odf	Opération diverses	950	20140331	626201	Téléphone fixe et internet			03.01	20140331	ORANGE INT 03/2014	35,76	0,00			20141231		
odf	Opération diverses	950	20140331	445660	Tva sur biens & services			03.01	20140331	ORANGE INT 03/2014	7,15	0,00	A	20141231	20141231		
odf	Opération diverses	950	20140331	108900	Apport personnel			03.01	20140331	ORANGE INT 03/2014	0,00	42,91			20141231		
odf	Opération diverses	951	20140331	218200	Materiel de transport			alcopa	20140331	ALCOPA RENAULT KANGOO AK364HG	4045,33	0,00			20141231		
odf	Opération diverses	951	20140331	445620	Tva sur immobilisations			alcopa	20140331	ALCOPA RENAULT KANGOO AK364HG	809,07	0,00			20141231		
odf	Opération diverses	951	20140331	108900	Apport personnel			alcopa	20140331	ALCOPA RENAULT KANGOO AK364HG	0,00	4854,40			20141231		
odf	Opération diverses	952	20140430	445711	TVA collectée 10%			TVA	20140430	TVA 04/2014	337,00	0,00	B	20141130	20141231		
odf	Opération diverses	952	20140430	445660	Tva sur biens & services			TVA	20140430	TVA 04/2014	0,00	458,00	A	20141231	20141231		
odf	Opération diverses	952	20140430	445670	Crédit de tva a reporter			TVA	20140430	TVA 04/2014	0,00	1904,00	A	20140831	20141231		
odf	Opération diverses	952	20140430	445670	Crédit de tva a reporter			TVA	20140430	TVA 04/2014	2025,00	0,00	A	20140831	20141231		
odf	Opération diverses	953	20140531	445711	TVA collectée 10%			TVA	20140531	TVA 05/2014	874,00	0,00	A	20140831	20141231		
odf	Opération diverses	953	20140531	445660	Tva sur biens & services			TVA	20140531	TVA 05/2014	0,00	194,00	A	20141231	20141231		
odf	Opération diverses	953	20140531	445670	Crédit de tva a reporter			TVA	20140531	TVA 05/2014	0,00	2025,00	A	20140831	20141231		
odf	Opération diverses	953	20140531	445670	Crédit de tva a reporter			TVA	20140531	TVA 05/2014	1345,00	0,00	A	20140831	20141231		
odf	Opération diverses	954	20140531	626201	Téléphone fixe et internet			05.01	20140531	ORANGE INT 05/2014	45,02	0,00			20141231		
odf	Opération diverses	954	20140531	445660	Tva sur biens & services			05.01	20140531	ORANGE TEL 05/2014	9,00	0,00	A	20141231	20141231		
odf	Opération diverses	954	20140531	108900	Apport personnel			05.01	20140531	ORANGE TEL 05/2014	0,00	54,02			20141231		
odf	Opération diverses	955	20140610	626201	Téléphone fixe et internet			03.06	20140610	ORANGE INT 06/2014	35,75	0,00			20141231		
odf	Opération diverses	955	20140610	445660	Tva sur biens & services			03.06	20140610	ORANGE INT 06/2014	7,15	0,00	A	20141231	20141231		
odf	Opération diverses	955	20140610	401000	Fournisseurs	FORANG	Orange	03.06	20140610	ORANGE INT 06/2014	0,00	42,90	B	20141031	20141231		
odf	Opération diverses	956	20140618	401000	Fournisseurs	FDIX	DIXIT IMPRIM	01.06	20140618	DIXIT IMPRIM	510,00	0,00	A	20140618	20141231		
odf	Opération diverses	956	20140618	409100	Fournisseurs acomptes 			01.06	20140618	DIXIT IMPRIM	0,00	510,00	A	20140618	20141231		
odf	Opération diverses	957	20140630	445711	TVA collectée 10%			TVA	20140630	TVA 06/2014	892,00	0,00	A	20140831	20141231		
odf	Opération diverses	957	20140630	445660	Tva sur biens & services			TVA	20140630	TVA 06/2014	0,00	664,00	A	20141231	20141231		
odf	Opération diverses	957	20140630	445670	Crédit de tva a reporter			TVA	20140630	TVA 06/2014	0,00	1345,00	A	20140831	20141231		
odf	Opération diverses	957	20140630	445670	Crédit de tva a reporter			TVA	20140630	TVA 06/2014	1117,00	0,00	A	20140831	20141231		
odf	Opération diverses	958	20140731	445711	TVA collectée 10%			TVA	20140731	TVA 07/2014	38,00	0,00	C	20141231	20141231		
odf	Opération diverses	958	20140731	445660	Tva sur biens & services			TVA	20140731	TVA 07/2014	0,00	275,00	A	20141231	20141231		
odf	Opération diverses	958	20140731	445670	Crédit de tva a reporter			TVA	20140731	TVA 07/2014	237,00	0,00	A	20140831	20141231		
odf	Opération diverses	959	20140831	445711	TVA collectée 10%			TVA	20140831	TVA 08/2014	313,00	0,00	B	20141130	20141231		
odf	Opération diverses	959	20140831	445660	Tva sur biens & services			TVA	20140831	TVA 08/2014	0,00	271,00	A	20141231	20141231		
odf	Opération diverses	959	20140831	445670	Crédit de tva a reporter			TVA	20140831	TVA 08/2014	0,00	1354,00	A	20140831	20141231		
odf	Opération diverses	959	20140831	445670	Crédit de tva a reporter			TVA	20140831	TVA 08/2014	1312,00	0,00	B	20141231	20141231		
odf	Opération diverses	960	20140930	445711	TVA collectée 10%			09.2014	20140930	TVA 09.2014	607,00	0,00	C	20141231	20141231		
odf	Opération diverses	960	20140930	445660	Tva sur biens & services			09.2014	20140930	TVA 09.2014	0,00	126,00	A	20141231	20141231		
odf	Opération diverses	960	20140930	445670	Crédit de tva a reporter			09.2014	20140930	TVA 09.2014	0,00	1312,00	B	20141231	20141231		
odf	Opération diverses	960	20140930	445670	Crédit de tva a reporter			09.2014	20140930	TVA 09.2014	831,00	0,00	C	20141130	20141231		
odf	Opération diverses	961	20141031	606400	Fournitures administratives			10.01	20141031	BUREAU VALLEE BOITE ARCHIVES+CLASSEURS	48,08	0,00			20141231		
odf	Opération diverses	961	20141031	445660	Tva sur biens & services			10.01	20141031	BUREAU VALLEE BOITE ARCHIVES+CLASSEURS	9,61	0,00			20141231		
odf	Opération diverses	961	20141031	108900	Apport personnel			10.01	20141031	BUREAU VALLEE BOITE ARCHIVES+CLASSEURS	0,00	57,69			20141231		
odf	Opération diverses	962	20141031	445715	Tva collectée 5.5%			TVA	20141031	TVA 10/2014	252,00	0,00			20141231		
odf	Opération diverses	962	20141031	445711	TVA collectée 10%			TVA	20141031	TVA 10/2014	339,00	0,00	B	20141130	20141231		
odf	Opération diverses	962	20141031	445660	Tva sur biens & services			TVA	20141031	TVA 10/2014	2234,00	0,00	A	20141231	20141231		
odf	Opération diverses	962	20141031	445717	Tva collectée tva 7%			TVA	20141031	TVA 10/2014	419,00	0,00			20141231		
odf	Opération diverses	962	20141031	445716	Tva collectée19.60%			TVA	20141031	TVA 10/2014	228,00	0,00	B	20141231	20141231		
odf	Opération diverses	962	20141031	445716	Tva collectée19.60%			TVA	20141031	TVA 10/2014	159,00	0,00	A	20141031	20141231		
odf	Opération diverses	962	20141031	445620	Tva sur immobilisations			TVA	20141031	TVA 10/2014	0,00	2337,00	A	20141231	20141231		
odf	Opération diverses	962	20141031	445660	Tva sur biens & services			TVA	20141031	TVA 10/2014	0,00	303,00	A	20141231	20141231		
odf	Opération diverses	962	20141031	445880	Tva a régulariser			TVA	20141031	TVA 10/2014	0,00	1886,00			20141231		
odf	Opération diverses	962	20141031	445715	Tva collectée 5.5%			TVA	20141031	TVA 10/2014	0,00	252,00			20141231		
odf	Opération diverses	962	20141031	445716	Tva collectée19.60%			TVA	20141031	TVA 10/2014	0,00	159,00	A	20141031	20141231		
odf	Opération diverses	962	20141031	445670	Crédit de tva a reporter			TVA	20141031	TVA 10/2014	0,00	112,00	D	20141031	20141231		
odf	Opération diverses	962	20141031	758000	Produit divers			TVA	20141031	TVA 10/2014	0,00	1,00			20141231		
odf	Opération diverses	962	20141031	445670	Crédit de tva a reporter			TVA	20141031	TVA 10/2014	0,00	831,00	C	20141130	20141231		
odf	Opération diverses	962	20141031	445670	Crédit de tva a reporter			TVA	20141031	TVA 10/2014	2250,00	0,00	C	20141130	20141231		
odf	Opération diverses	963	20141105	671200	Pénalites amendes fiscales			JUGMT	20141105	JUGMT 13/06/2014	1570,20	0,00			20141231		
odf	Opération diverses	963	20141105	108000	Compte de l'exploitant			JUGMT	20141105	JUGMT 13/06/2014	0,00	1570,20			20141231		
odf	Opération diverses	964	20141130	445711	TVA collectée 10%			10.2014	20141130	TVA 11/2014	518,00	0,00	C	20141231	20141231		
odf	Opération diverses	964	20141130	445660	Tva sur biens & services			10.2014	20141130	TVA 11/2014	0,00	369,00	A	20141231	20141231		
odf	Opération diverses	964	20141130	445670	Crédit de tva a reporter			10.2014	20141130	TVA 11/2014	0,00	2250,00	C	20141130	20141231		
odf	Opération diverses	964	20141130	445670	Crédit de tva a reporter			10.2014	20141130	TVA 11/2014	2101,00	0,00	B	20141231	20141231		
odf	Opération diverses	965	20141231	445711	TVA collectée 10%			12.2014	20141231	TVA 12.2014	360,00	0,00	C	20141231	20141231		
odf	Opération diverses	965	20141231	445660	Tva sur biens & services			12.2014	20141231	TVA 12.2014	0,00	229,00	A	20141231	20141231		
odf	Opération diverses	965	20141231	445670	Crédit de tva a reporter			12.2014	20141231	TVA 12.2014	0,00	2101,00	B	20141231	20141231		
odf	Opération diverses	965	20141231	445670	Crédit de tva a reporter			12.2014	20141231	TVA 12.2014	1970,00	0,00			20141231		
odf	Opération diverses	966	20141231	401000	Fournisseurs	FFITEC	FITECO	FIT	20141231	FITECO COMPTA AV EBP	388,70	0,00			20141231		
odf	Opération diverses	966	20141231	622600	Honoraires comptables			FIT	20141231	FITECO COMPTA AV EBP	0,00	325,00			20141231		
odf	Opération diverses	966	20141231	445660	Tva sur biens & services			FIT	20141231	FITECO COMPTA AV EBP	0,00	63,70	A	20141231	20141231		
odf	Opération diverses	967	20141231	658000	Charges diverses de gestion			FIT	20141231	FITECO COMPTA AV EBP	345,00	0,00			20141231		
odf	Opération diverses	967	20141231	622600	Honoraires comptables			FIT	20141231	FITECO COMPTA AV EBP	0,00	345,00			20141231		
odf	Opération diverses	968	20141231	445880	Tva a régulariser			TVA	20141231	AJUST TVA	0,19	0,00			20141231		
odf	Opération diverses	968	20141231	445620	Tva sur immobilisations			TVA	20141231	AJUST TVA	0,24	0,00	A	20141231	20141231		
odf	Opération diverses	968	20141231	445716	Tva collectée19.60%			TVA	20141231	AJUST TVA	0,00	0,04	B	20141231	20141231		
odf	Opération diverses	968	20141231	445717	Tva collectée tva 7%			TVA	20141231	AJUST TVA	0,00	0,35			20141231		
odf	Opération diverses	968	20141231	445711	TVA collectée 10%			TVA	20141231	AJUST TVA	2,17	0,00	C	20141231	20141231		
odf	Opération diverses	968	20141231	445712	TVA collectée 20%			TVA	20141231	AJUST TVA	0,38	0,00	A	20141231	20141231		
odf	Opération diverses	968	20141231	445660	Tva sur biens & services			TVA	20141231	AJUST TVA	0,00	0,17	A	20141231	20141231		
odf	Opération diverses	968	20141231	758000	Produit divers			TVA	20141231	AJUST TVA	0,00	2,42			20141231		
odf	Opération diverses	969	20141231	671800	Charges exceptionnelles			JUGMT	20141231	PERTE SUITE NON RESTITUTION VEH AMBULANCE	12000,00	0,00			20141231		
odf	Opération diverses	969	20141231	462000	Créances sur cession immo			JUGMT	20141231	PERTE SUITE NON RESTITUTION VEH AMBULANCE	0,00	12000,00			20141231		
odf	Opération diverses	970	20141231	496200	Dép. s/ créances cessions immo			JUGMT	20141231	REP DOT NON RESTITUTION VEH AMBULANCE	12000,00	0,00			20141231		
odf	Opération diverses	970	20141231	781760	Reprise dot. exceptionnelles			JUGMT	20141231	REP DOT NON RESTITUTION VEH AMBULANCE	0,00	12000,00			20141231		
odf	Opération diverses	971	20141231	791000	Transfert charges exploitation			J06000	20141231	Charges Mixtes - J102	0,00	407,32			20141231		
odf	Opération diverses	971	20141231	791000	Transfert charges exploitation			J06000	20141231	Charges Mixtes - J102	0,00	461,34			20141231		
odf	Opération diverses	971	20141231	791000	Transfert charges exploitation			J06000	20141231	Charges Mixtes - J102	0,00	112,35			20141231		
odf	Opération diverses	971	20141231	791000	Transfert charges exploitation			J06000	20141231	Charges Mixtes - J102	0,00	43,10			20141231		
odf	Opération diverses	971	20141231	791000	Transfert charges exploitation			J06000	20141231	Charges Mixtes - J102	0,00	24,41			20141231		
odf	Opération diverses	971	20141231	445712	TVA collectée 20%			J06000	20141231	Charges Mixtes - J102	0,00	187,23			20141231		
odf	Opération diverses	971	20141231	108000	Compte de l'exploitant			J06000	20141231	Charges Mixtes - J102	1235,75	0,00			20141231		
odf	Opération diverses	972	20141231	646400	Rsi ava vieillesse urssaf mala			COT'TNS	20141231	CSG NON DED	982,00	0,00			20141231		
odf	Opération diverses	972	20141231	108000	Compte de l'exploitant			COT'TNS	20141231	CSG NON DED	0,00	982,00			20141231		
odf	Opération diverses	973	20141231	646400	Rsi ava vieillesse urssaf mala			COT'TNS	20141231	CSG DED	1727,00	0,00			20141231		
odf	Opération diverses	973	20141231	637810	Csg deductible			COT'TNS	20141231	CSG DED	0,00	1727,00			20141231		
VE	Ventes	974	20140131	411000	Clients			01.2014	20140131	JANSSEN	248,25	0,00	B	20140220	20141231		
VE	Ventes	974	20140131	411000	Clients			01.2014	20140131	DORCEMAINE	78,60	0,00	B	20140220	20141231		
VE	Ventes	974	20140131	411000	Clients			01.2014	20140131	NORGUET	69,90	0,00	B	20140220	20141231		
VE	Ventes	974	20140131	411000	Clients			01.2014	20140131	IMA	220,68	0,00	AE	20140528	20141231		
VE	Ventes	974	20140131	411000	Clients			01.2014	20140131	IMPERATOR	320,28	0,00	AW	20140630	20141231		
VE	Ventes	974	20140131	411000	Clients			01.2014	20140131	IMA	79,65	0,00	AF	20140528	20141231		
VE	Ventes	974	20140131	706100	Taxi 10%			01.2014	20140131	CA 01/2014	0,00	633,71			20141231		
VE	Ventes	974	20140131	445711	TVA collectée 10%			01.2014	20140131	CA 01/2014	0,00	63,37	C	20141231	20141231		
VE	Ventes	974	20140131	706200	Taxi 20%			01.2014	20140131	CA 01/2014	0,00	266,90			20141231		
VE	Ventes	974	20140131	445712	TVA collectée 20%			01.2014	20140131	CA 01/2014	0,00	53,38	A	20141231	20141231		
VE	Ventes	975	20140131	411000	Clients			01.2014	20140131	GAUVIN	1066,80	0,00	I	20140131	20141231		
VE	Ventes	975	20140131	411000	Clients			01.2014	20140131	ZAMMARCHI	1224,36	0,00	H	20140131	20141231		
VE	Ventes	975	20140131	411000	Clients			01.2014	20140131	BOURON	118,87	0,00	I	20140131	20141231		
VE	Ventes	975	20140131	411000	Clients			01.2014	20140131	PAILLER	182,44	0,00	I	20140131	20141231		
VE	Ventes	975	20140131	411000	Clients			01.2014	20140131	MOTTEAU	24,52	0,00	I	20140131	20141231		
VE	Ventes	975	20140131	411000	Clients			01.2014	20140131	LEFUR	69,92	0,00	AS	20140630	20141231		
VE	Ventes	975	20140131	411000	Clients			01.2014	20140131	BOURON	78,02	0,00	AR	20140531	20141231		
VE	Ventes	975	20140131	411000	Clients			01.2014	20140131	FRAU	59,48	0,00	AT	20140703	20141231		
VE	Ventes	975	20140131	706100	Taxi 10%			01.2014	20140131	CA 01/2014	0,00	2567,65			20141231		
VE	Ventes	975	20140131	706100	Taxi 10%			01.2014	20140131	FRAIS 01/2014	3,18	0,00			20141231		
VE	Ventes	975	20140131	708000	Taxi refacturations frais			01.2014	20140131	FRAIS 01/2014	0,00	3,18			20141231		
VE	Ventes	975	20140131	445711	TVA collectée 10%			01.2014	20140131	FRAIS 01/2014	0,62	0,00	C	20141231	20141231		
VE	Ventes	975	20140131	445711	TVA collectée 10%			01.2014	20140131	CA 01/2014	0,00	256,76	A	20140831	20141231		
VE	Ventes	975	20140131	445716	Tva collectée19.60%			01.2014	20140131	FRAIS 01/2014	0,00	0,62	B	20141231	20141231		
VE	Ventes	976	20140228	411000	Clients			02/2014	20140228	JANSSEN	248,25	0,00	C	20140319	20141231		
VE	Ventes	976	20140228	411000	Clients			02/2014	20140228	IMA	32,49	0,00	AG	20140528	20141231		
VE	Ventes	976	20140228	706100	Taxi 10%			02/2014	20140228	CA 02/2014	0,00	255,22			20141231		
VE	Ventes	976	20140228	445711	TVA collectée 10%			02/2014	20140228	CA 02/2014	0,00	25,52	A	20140831	20141231		
VE	Ventes	977	20140228	411000	Clients			02/2014	20140228	ZAMMARCHI	1672,81	0,00	G	20140228	20141231		
VE	Ventes	977	20140228	411000	Clients			02/2014	20140228	GAUVIN	1879,12	0,00	AT	20140703	20141231		
VE	Ventes	977	20140228	411000	Clients			02/2014	20140228	BOURON	34,96	0,00	AP	20140331	20141231		
VE	Ventes	977	20140228	411000	Clients			02/2014	20140228	BOURON	53,18	0,00	AS	20140630	20141231		
VE	Ventes	977	20140228	411000	Clients			02/2014	20140228	MZEAOUR	34,96	0,00	AR	20140531	20141231		
VE	Ventes	977	20140228	411000	Clients			02/2014	20140228	GUEGAN	74,48	0,00	AS	20140630	20141231		
VE	Ventes	977	20140228	411200	Client Bonin			02/2014	20140228	BONIN	610,25	0,00	B	20140317	20141231		
VE	Ventes	977	20140228	411000	Clients			02/2014	20140228	CORDIER	578,30	0,00	AR	20140531	20141231		
VE	Ventes	977	20140228	411000	Clients			02/2014	20140228	GAUVIN	507,84	0,00	L	20140228	20141231		
VE	Ventes	977	20140228	411000	Clients			02/2014	20140228	ZAMMARCHI	491,64	0,00	F	20140228	20141231		
VE	Ventes	977	20140228	411000	Clients			02/2014	20140228	CORDIER	142,78	0,00	L	20140228	20141231		
VE	Ventes	977	20140228	411200	Client Bonin			02/2014	20140228	BONIN	199,09	0,00	B	20140317	20141231		
VE	Ventes	977	20140228	411000	Clients			02/2014	20140228	ZAMMARCHI	491,64	0,00	F	20140228	20141231		
VE	Ventes	977	20140228	411000	Clients			02/2014	20140228	GAUVIN	592,48	0,00	K	20140228	20141231		
VE	Ventes	977	20140228	411200	Client Bonin			02/2014	20140228	BONIN	597,27	0,00	B	20140317	20141231		
VE	Ventes	977	20140228	411000	Clients			02/2014	20140228	CORDIER	71,39	0,00	K	20140228	20141231		
VE	Ventes	977	20140228	411000	Clients			02/2014	20140228	TROADEC	570,98	0,00	D	20140314	20141231		
VE	Ventes	977	20140228	706100	Taxi 10%			02/2014	20140228	CA 02/2014	0,00	7259,22			20141231		
VE	Ventes	977	20140228	445711	TVA collectée 10%			02/2014	20140228	CA 02/2014	0,00	725,91	B	20141130	20141231		
VE	Ventes	977	20140228	706100	Taxi 10%			02/2014	20140228	CA 02/2014	0,00	555,31			20141231		
VE	Ventes	977	20140228	445711	TVA collectée 10%			02/2014	20140228	CA 02/2014	0,00	55,53	C	20141231	20141231		
VE	Ventes	977	20140228	708000	Taxi refacturations frais			02/2014	20140228	FRAIS 02/2014	0,00	6,00			20141231		
VE	Ventes	977	20140228	445712	TVA collectée 20%			02/2014	20140228	FRAIS 02/2014	0,00	1,20			20141231		
VE	Ventes	978	20140331	411000	Clients			03/2014	20140331	GAUVIN	423,20	0,00	AO	20140331	20141231		
VE	Ventes	978	20140331	411000	Clients			03/2014	20140331	ZAMMARCHI	430,19	0,00	E	20140331	20141231		
VE	Ventes	978	20140331	411000	Clients			03/2014	20140331	GAUVIN	761,76	0,00	AP	20140331	20141231		
VE	Ventes	978	20140331	411200	Client Bonin			03/2014	20140331	BONIN	398,18	0,00	A	20140506	20141231		
VE	Ventes	978	20140331	411000	Clients			03/2014	20140331	PAILLER	272,44	0,00	AP	20140331	20141231		
VE	Ventes	978	20140331	411000	Clients			03/2014	20140331	LEFUR	34,96	0,00	AW	20140630	20141231		
VE	Ventes	978	20140331	411200	Client Bonin			03/2014	20140331	BONIN	398,18	0,00	F	20140401	20141231		
VE	Ventes	978	20140331	411000	Clients			03/2014	20140331	CORDIER	71,39	0,00	AO	20140331	20141231		
VE	Ventes	978	20140331	411000	Clients			03/2014	20140331	SIRE	136,22	0,00	E	20140331	20141231		
VE	Ventes	978	20140331	411000	Clients			03/2014	20140331	ZAMMARCHI	252,08	0,00	P	20140430	20141231		
VE	Ventes	978	20140331	411000	Clients			03/2014	20140331	ZAMMARCHI	368,73	0,00	E	20140331	20141231		
VE	Ventes	978	20140331	411000	Clients			03/2014	20140331	SIRE	239,12	0,00	O	20140531	20141231		
VE	Ventes	978	20140331	706100	Taxi 10%			03/2014	20140331	CA 03/2014	0,00	2741,60			20141231		
VE	Ventes	978	20140331	445711	TVA collectée 10%			03/2014	20140331	CA 03/2014	0,00	274,16	A	20140831	20141231		
VE	Ventes	978	20140331	706100	Taxi 10%			03/2014	20140331	CA 03/2014	0,00	692,17			20141231		
VE	Ventes	978	20140331	445711	TVA collectée 10%			03/2014	20140331	CA 03/2014	0,00	69,22	B	20141130	20141231		
VE	Ventes	978	20140331	708000	Taxi refacturations frais			03/2014	20140331	FRAIS 03/2014	0,00	7,75			20141231		
VE	Ventes	978	20140331	445712	TVA collectée 20%			03/2014	20140331	FRAIS 03/2014	0,00	1,55			20141231		
VE	Ventes	979	20140430	411000	Clients			04/2014	20140430	GAUVIN	1862,08	0,00	M	20140430	20141231		
VE	Ventes	979	20140430	411000	Clients			04/2014	20140430	HAAFF	248,77	0,00	AS	20140630	20141231		
VE	Ventes	979	20140430	411000	Clients			04/2014	20140430	ZAMMARCHI	1597,83	0,00	P	20140430	20141231		
VE	Ventes	979	20140430	706100	Taxi 10%			04/2014	20140430	CA 04/2014	0,00	3371,52			20141231		
VE	Ventes	979	20140430	445711	TVA collectée 10%			04/2014	20140430	CA 04/2014	0,00	337,16	B	20141130	20141231		
VE	Ventes	980	20140531	411000	Clients			05/2014	20140531	GAUVIN	1015,68	0,00	AQ	20140620	20141231		
VE	Ventes	980	20140531	411000	Clients			05/2014	20140531	ZAMMARCHI	1288,73	0,00	N	20140531	20141231		
VE	Ventes	980	20140531	411200	Client Bonin			05/2014	20140531	BONIN	99,54	0,00	D	20140611	20141231		
VE	Ventes	980	20140531	411200	Client Bonin			05/2014	20140531	BONIN	99,54	0,00	D	20140611	20141231		
VE	Ventes	980	20140531	411200	Client Bonin			05/2014	20140531	BONIN	1294,08	0,00	D	20140611	20141231		
VE	Ventes	980	20140531	411000	Clients			05/2014	20140531	CORDIER	571,12	0,00	AR	20140531	20141231		
VE	Ventes	980	20140531	411000	Clients			05/2014	20140531	CHAUVIN	102,10	0,00	AQ	20140620	20141231		
VE	Ventes	980	20140531	411000	Clients			05/2014	20140531	CHAUVIN	102,10	0,00	AQ	20140620	20141231		
VE	Ventes	980	20140531	411000	Clients			05/2014	20140531	SIRE	50,05	0,00	O	20140531	20141231		
VE	Ventes	980	20140531	411000	Clients			05/2014	20140531	SIRE	50,05	0,00	O	20140531	20141231		
VE	Ventes	980	20140531	411000	Clients			05/2014	20140531	SIRE	25,02	0,00	O	20140531	20141231		
VE	Ventes	980	20140531	411000	Clients			05/2014	20140531	SIRE	50,05	0,00	O	20140531	20141231		
VE	Ventes	980	20140531	411000	Clients			05/2014	20140531	SIRE	50,05	0,00	O	20140531	20141231		
VE	Ventes	980	20140531	411000	Clients			05/2014	20140531	SIRE	50,05	0,00	O	20140531	20141231		
VE	Ventes	980	20140531	411000	Clients			05/2014	20140531	LEFUR	34,96	0,00	AW	20140630	20141231		
VE	Ventes	980	20140531	411000	Clients			05/2014	20140531	BOURON	81,33	0,00	AW	20140630	20141231		
VE	Ventes	980	20140531	411000	Clients			05/2014	20140531	SIRE	50,05	0,00	O	20140531	20141231		
VE	Ventes	980	20140531	411000	Clients			05/2014	20140531	SIRE	25,02	0,00	O	20140531	20141231		
VE	Ventes	980	20140531	411000	Clients			05/2014	20140531	DORE	63,30	0,00	AS	20140630	20141231		
VE	Ventes	980	20140531	411000	Clients			05/2014	20140531	LIZE	96,23	0,00	AS	20140630	20141231		
VE	Ventes	980	20140531	411000	Clients			05/2014	20140531	GIMENEZ	102,98	0,00	AW	20140630	20141231		
VE	Ventes	980	20140531	411000	Clients			05/2014	20140531	THEVES	264,50	0,00	AY	20140831	20141231		
VE	Ventes	980	20140531	411000	Clients			05/2014	20140531	THEVES	212,34	0,00	AR	20140531	20141231		
VE	Ventes	980	20140531	411000	Clients			05/2014	20140531	ZAMMARCHI	521,46	0,00	AA	20140531	20141231		
VE	Ventes	980	20140531	411000	Clients			05/2014	20140531	ZAMMARCHI	205,71	0,00	AA	20140531	20141231		
VE	Ventes	980	20140531	411200	Client Bonin			05/2014	20140531	BONIN	995,45	0,00	C	20140630	20141231		
VE	Ventes	980	20140531	411000	Clients			05/2014	20140531	GAUVIN	677,12	0,00	AH	20140531	20141231		
VE	Ventes	980	20140531	411000	Clients			05/2014	20140531	ZAMMARCHI	368,73	0,00	AA	20140531	20141231		
VE	Ventes	980	20140531	411000	Clients			05/2014	20140531	GAUVIN	169,29	0,00	AT	20140703	20141231		
VE	Ventes	980	20140531	411000	Clients			05/2014	20140531	CORDIER	142,78	0,00	AI	20140624	20141231		
VE	Ventes	980	20140531	411200	Client Bonin			05/2014	20140531	BONIN	99,54	0,00	C	20140630	20141231		
VE	Ventes	980	20140531	411000	Clients			05/2014	20140531	ZAMMARCHI	122,91	0,00	AA	20140531	20141231		
VE	Ventes	980	20140531	411000	Clients			05/2014	20140531	REISSER	195,78	0,00	AR	20140531	20141231		
VE	Ventes	980	20140531	411000	Clients			05/2014	20140531	REISSER	195,78	0,00	AR	20140531	20141231		
VE	Ventes	980	20140531	411000	Clients			05/2014	20140531	BARANT	142,78	0,00	AV	20140731	20141231		
VE	Ventes	980	20140531	706100	Taxi 10%			05/2014	20140531	CA 05/2014	0,00	6120,33			20141231		
VE	Ventes	980	20140531	445711	TVA collectée 10%			05/2014	20140531	CA 05/2014	0,00	612,04	A	20140831	20141231		
VE	Ventes	980	20140531	706100	Taxi 10%			05/2014	20140531	CA 05/2014	0,00	2620,03			20141231		
VE	Ventes	980	20140531	445711	TVA collectée 10%			05/2014	20140531	CA 05/2014	0,00	261,99	C	20141231	20141231		
VE	Ventes	980	20140531	708000	Taxi refacturations frais			05/2014	20140531	FRAIS 05/2014	0,00	1,50			20141231		
VE	Ventes	980	20140531	445712	TVA collectée 20%			05/2014	20140531	FRAIS 05/2014	0,00	0,31			20141231		
VE	Ventes	981	20140630	411000	Clients			06/2014	20140630	AMYCEL	123,75	0,00	AJ	20140701	20141231		
VE	Ventes	981	20140630	411000	Clients			06/2014	20140630	IMA	256,23	0,00	AT	20140703	20141231		
VE	Ventes	981	20140630	411000	Clients			06/2014	20140630	AMYCEL	455,40	0,00	AK	20140715	20141231		
VE	Ventes	981	20140630	706100	Taxi 10%			06/2014	20140630	CA 06/2014	0,00	759,44			20141231		
VE	Ventes	981	20140630	445711	TVA collectée 10%			06/2014	20140630	CA 06/2014	0,00	75,94	A	20140831	20141231		
VE	Ventes	982	20140630	411000	Clients			06/2014	20140630	JANNEQUIN	39,93	0,00	AS	20140630	20141231		
VE	Ventes	982	20140630	411000	Clients			06/2014	20140630	CHAUVIN	102,10	0,00	AX	20140831	20141231		
VE	Ventes	982	20140630	411000	Clients			06/2014	20140630	CHAUVIN	102,10	0,00	AS	20140630	20141231		
VE	Ventes	982	20140630	411000	Clients			06/2014	20140630	CRUZ	169,28	0,00			20141231		
VE	Ventes	982	20140630	411000	Clients			06/2014	20140630	CRUZ	169,28	0,00	BF	20141231	20141231		
VE	Ventes	982	20140630	411000	Clients			06/2014	20140630	CRUZ	202,40	0,00			20141231		
VE	Ventes	982	20140630	411000	Clients			06/2014	20140630	CRUZ	68,08	0,00	BF	20141231	20141231		
VE	Ventes	982	20140630	411000	Clients			06/2014	20140630	CRUZ	68,08	0,00	BF	20141231	20141231		
VE	Ventes	982	20140630	411000	Clients			06/2014	20140630	ZAMMARCHI	1106,19	0,00	Z	20140630	20141231		
VE	Ventes	982	20140630	411000	Clients			06/2014	20140630	GAUVIN	1015,68	0,00	AW	20140630	20141231		
VE	Ventes	982	20140630	411000	Clients			06/2014	20140630	CRUZ	68,08	0,00	BG	20141028	20141231		
VE	Ventes	982	20140630	411000	Clients			06/2014	20140630	CRUZ	101,20	0,00			20141231		
VE	Ventes	982	20140630	411000	Clients			06/2014	20140630	CORDIER	142,78	0,00	BA	20141031	20141231		
VE	Ventes	982	20140630	411000	Clients			06/2014	20140630	GAGE	248,77	0,00	AW	20140630	20141231		
VE	Ventes	982	20140630	411000	Clients			06/2014	20140630	LE CORRE	275,55	0,00	BA	20141031	20141231		
VE	Ventes	982	20140630	411000	Clients			06/2014	20140630	GAUVIN	846,40	0,00	AX	20140831	20141231		
VE	Ventes	982	20140630	411000	Clients			06/2014	20140630	ZAMMARCHI	245,82	0,00	AB	20140703	20141231		
VE	Ventes	982	20140630	411000	Clients			06/2014	20140630	ZAMMARCHI	491,64	0,00	AB	20140703	20141231		
VE	Ventes	982	20140630	411000	Clients			06/2014	20140630	MENU	212,62	0,00	AW	20140630	20141231		
VE	Ventes	982	20140630	411000	Clients			06/2014	20140630	STIEVENART	136,16	0,00	AU	20140717	20141231		
VE	Ventes	982	20140630	411000	Clients			06/2014	20140630	STIEVENART	136,16	0,00	AW	20140630	20141231		
VE	Ventes	982	20140630	411000	Clients			06/2014	20140630	STIEVENART	136,16	0,00	AZ	20141031	20141231		
VE	Ventes	982	20140630	411000	Clients			06/2014	20140630	STIEVENART	136,16	0,00	AX	20140831	20141231		
VE	Ventes	982	20140630	411000	Clients			06/2014	20140630	STIEVENART	136,16	0,00	AT	20140703	20141231		
VE	Ventes	982	20140630	411000	Clients			06/2014	20140630	STIEVENART	109,66	0,00	AT	20140703	20141231		
VE	Ventes	982	20140630	411000	Clients			06/2014	20140630	DUMENIL	265,33	0,00	AY	20140831	20141231		
VE	Ventes	982	20140630	411000	Clients			06/2014	20140630	REISSER	195,78	0,00	AW	20140630	20141231		
VE	Ventes	982	20140630	411000	Clients			06/2014	20140630	RENARD	26,68	0,00	AL	20140723	20141231		
VE	Ventes	982	20140630	411000	Clients			06/2014	20140630	CHAUVIN	102,10	0,00	BB	20141231	20141231		
VE	Ventes	982	20140630	411000	Clients			06/2014	20140630	GHEMDANI	122,91	0,00	AX	20140831	20141231		
VE	Ventes	982	20140630	411000	Clients			06/2014	20140630	JEROME	46,74	0,00	AT	20140703	20141231		
VE	Ventes	982	20140630	411000	Clients			06/2014	20140630	CRUZ	49,22	0,00			20141231		
VE	Ventes	982	20140630	411000	Clients			06/2014	20140630	CRUZ	29,16	0,00			20141231		
VE	Ventes	982	20140630	411000	Clients			06/2014	20140630	CRUZ	58,33	0,00	BH	20140728	20141231		
VE	Ventes	982	20140630	411000	Clients			06/2014	20140630	CRUZ	40,11	0,00	BH	20140728	20141231		
VE	Ventes	982	20140630	411000	Clients			06/2014	20140630	ZAMMARCHI	737,46	0,00	AC	20140718	20141231		
VE	Ventes	982	20140630	411000	Clients			06/2014	20140630	GAUVIN	846,40	0,00	AU	20140717	20141231		
VE	Ventes	982	20140630	706100	Taxi 10%			06/2014	20140630	CA 06/2014	0,00	6019,09			20141231		
VE	Ventes	982	20140630	445711	TVA collectée 10%			06/2014	20140630	CA 06/2014	0,00	601,92	C	20141231	20141231		
VE	Ventes	982	20140630	706100	Taxi 10%			06/2014	20140630	CA 06/2014	0,00	2141,59			20141231		
VE	Ventes	982	20140630	445711	TVA collectée 10%			06/2014	20140630	CA 06/2014	0,00	214,16	A	20140831	20141231		
VE	Ventes	982	20140630	708000	Taxi refacturations frais			06/2014	20140630	FRAIS 06/2014	0,00	8,25			20141231		
VE	Ventes	982	20140630	445712	TVA collectée 20%			06/2014	20140630	FRAIS 06/2014	0,00	1,65			20141231		
VE	Ventes	983	20140731	411000	Clients			07/2014	20140731	STIEVENART	54,83	0,00	AY	20140831	20141231		
VE	Ventes	983	20140731	411000	Clients			07/2014	20140731	DUMENIL	142,78	0,00	Q	20140731	20141231		
VE	Ventes	983	20140731	411000	Clients			07/2014	20140731	DUMENIL	142,78	0,00	AV	20140731	20141231		
VE	Ventes	983	20140731	411000	Clients			07/2014	20140731	STIEVENART	81,33	0,00	AX	20140831	20141231		
VE	Ventes	983	20140731	706100	Taxi 10%			07/2014	20140731	CA 07/2014	0,00	383,39			20141231		
VE	Ventes	983	20140731	445711	TVA collectée 10%			07/2014	20140731	CA 07/2014	0,00	38,33	C	20141231	20141231		
VE	Ventes	984	20140831	411000	Clients			08/2014	20140831	ZAMMARCHI	798,92	0,00	AM	20140831	20141231		
VE	Ventes	984	20140831	411000	Clients			08/2014	20140831	GAUVIN	1015,68	0,00			20141231		
VE	Ventes	984	20140831	411000	Clients			08/2014	20140831	CARLIER	566,24	0,00	AX	20140831	20141231		
VE	Ventes	984	20140831	411000	Clients			08/2014	20140831	CHAUVIN	102,10	0,00	BB	20141231	20141231		
VE	Ventes	984	20140831	411000	Clients			08/2014	20140831	DUMENIL	53,36	0,00	AX	20140831	20141231		
VE	Ventes	984	20140831	411000	Clients			08/2014	20140831	DUMENIL	142,78	0,00	AY	20140831	20141231		
VE	Ventes	984	20140831	411000	Clients			08/2014	20140831	CARTEREAU	107,99	0,00	AX	20140831	20141231		
VE	Ventes	984	20140831	411000	Clients			08/2014	20140831	MOTTEAU	23,37	0,00	AX	20140831	20141231		
VE	Ventes	984	20140831	411000	Clients			08/2014	20140831	GUEGAN	63,30	0,00	AX	20140831	20141231		
VE	Ventes	984	20140831	411000	Clients			08/2014	20140831	BABILLOT	18,40	0,00	AY	20140831	20141231		
VE	Ventes	984	20140831	411000	Clients			08/2014	20140831	GUERIN	31,65	0,00			20141231		
VE	Ventes	984	20140831	411000	Clients			08/2014	20140831	GUERIN	78,20	0,00	AY	20140831	20141231		
VE	Ventes	984	20140831	411000	Clients			08/2014	20140831	GUERIN	78,20	0,00	BA	20141031	20141231		
VE	Ventes	984	20140831	411000	Clients			08/2014	20140831	FRAU	28,34	0,00	BC	20141128	20141231		
VE	Ventes	984	20140831	411000	Clients			08/2014	20140831	SIRE	100,10	0,00	BA	20141031	20141231		
VE	Ventes	984	20140831	411000	Clients			08/2014	20140831	SIRE	100,10	0,00	AY	20140831	20141231		
VE	Ventes	984	20140831	411000	Clients			08/2014	20140831	SIRE	100,10	0,00	BA	20141031	20141231		
VE	Ventes	984	20140831	706100	Taxi 10%			08/2014	20140831	CA 08/2014	0,00	1922,64			20141231		
VE	Ventes	984	20140831	445711	TVA collectée 10%			08/2014	20140831	CA 08/2014	0,00	192,26	A	20140831	20141231		
VE	Ventes	984	20140831	706100	Taxi 10%			08/2014	20140831	CA 08/2014	0,00	1151,67			20141231		
VE	Ventes	984	20140831	445711	TVA collectée 10%			08/2014	20140831	CA 08/2014	0,00	115,16	A	20140831	20141231		
VE	Ventes	984	20140831	708000	Taxi refacturations frais			08/2014	20140831	FRAIS 08/2014	0,00	22,58			20141231		
VE	Ventes	984	20140831	445712	TVA collectée 20%			08/2014	20140831	FRAIS 08/2014	0,00	4,52			20141231		
VE	Ventes	985	20140831	411000	Clients			08/2014	20140831	IMA	63,72	0,00	BD	20141231	20141231		
VE	Ventes	985	20140831	706100	Taxi 10%			08/2014	20140831	CA 08/2014	0,00	57,93			20141231		
VE	Ventes	985	20140831	445711	TVA collectée 10%			08/2014	20140831	CA 08/2014	0,00	5,79	C	20141231	20141231		
VE	Ventes	986	20140930	411000	Clients			09/2014	20140930	REISSER	59,80	0,00	AZ	20141031	20141231		
VE	Ventes	986	20140930	411000	Clients			09/2014	20140930	REISSER	59,80	0,00			20141231		
VE	Ventes	986	20140930	411200	Client Bonin			09/2014	20140930	BONIN	99,54	0,00	E	20141031	20141231		
VE	Ventes	986	20140930	411000	Clients			09/2014	20140930	CARLIER	566,24	0,00			20141231		
VE	Ventes	986	20140930	411200	Client Bonin			09/2014	20140930	BONIN	99,54	0,00	E	20141031	20141231		
VE	Ventes	986	20140930	411000	Clients			09/2014	20140930	ZAMMARCHI	2212,38	0,00	R	20140930	20141231		
VE	Ventes	986	20140930	411000	Clients			09/2014	20140930	GAUVIN	3216,32	0,00			20141231		
VE	Ventes	986	20140930	411000	Clients			09/2014	20140930	DACOSTA	136,16	0,00	BF	20141231	20141231		
VE	Ventes	986	20140930	411000	Clients			09/2014	20140930	DACOSTA	136,16	0,00	BA	20141031	20141231		
VE	Ventes	986	20140930	411000	Clients			09/2014	20140930	GHEMDANI	61,46	0,00	BF	20141231	20141231		
VE	Ventes	986	20140930	411000	Clients			09/2014	20140930	GHEMDANI	61,46	0,00	BE	20141231	20141231		
VE	Ventes	986	20140930	706100	Taxi 10%			09/2014	20140930	CA 09/2014	0,00	4935,18			20141231		
VE	Ventes	986	20140930	445711	TVA collectée 10%			09/2014	20140930	CA 09/2014	0,00	493,52	C	20141231	20141231		
VE	Ventes	986	20140930	706100	Taxi 10%			09/2014	20140930	CA 09/2014	0,00	1139,95			20141231		
VE	Ventes	986	20140930	445711	TVA collectée 10%			09/2014	20140930	CA 09/2014	0,00	114,01	C	20141231	20141231		
VE	Ventes	986	20140930	708000	Taxi refacturations frais			09/2014	20140930	CA 09/2014	0,00	21,83			20141231		
VE	Ventes	986	20140930	445712	TVA collectée 20%			09/2014	20140930	CA 09/2014	0,00	4,37			20141231		
VE	Ventes	987	20141031	411000	Clients			10/2014	20141031	ZAMMARCHI	256,22	0,00	AD	20141031	20141231		
VE	Ventes	987	20141031	411000	Clients			10/2014	20141031	ZAMMARCHI	983,28	0,00	AD	20141031	20141231		
VE	Ventes	987	20141031	411200	Client Bonin			10/2014	20141031	BONIN	99,54	0,00			20141231		
VE	Ventes	987	20141031	411200	Client Bonin			10/2014	20141031	BONIN	796,36	0,00	E	20141031	20141231		
VE	Ventes	987	20141031	411000	Clients			10/2014	20141031	GAUVIN	1015,68	0,00	AZ	20141031	20141231		
VE	Ventes	987	20141031	411000	Clients			10/2014	20141031	REISSER	59,80	0,00			20141231		
VE	Ventes	987	20141031	411000	Clients			10/2014	20141031	DACOSTA	136,16	0,00	BA	20141031	20141231		
VE	Ventes	987	20141031	411000	Clients			10/2014	20141031	RENARD	34,13	0,00	AN	20141031	20141231		
VE	Ventes	987	20141031	411000	Clients			10/2014	20141031	SIRE	25,02	0,00	BC	20141128	20141231		
VE	Ventes	987	20141031	411000	Clients			10/2014	20141031	SIRE	25,02	0,00	BC	20141128	20141231		
VE	Ventes	987	20141031	411000	Clients			10/2014	20141031	SIRE	75,07	0,00	BA	20141031	20141231		
VE	Ventes	987	20141031	411000	Clients			10/2014	20141031	DUMENIL	159,34	0,00	AZ	20141031	20141231		
VE	Ventes	987	20141031	411000	Clients			10/2014	20141031	CRUZ	68,08	0,00	BF	20141231	20141231		
VE	Ventes	987	20141031	706100	Taxi 10%			10/2014	20141031	CA 10/2014	0,00	3394,28			20141231		
VE	Ventes	987	20141031	445711	TVA collectée 10%			10/2014	20141031	CA 10/2014	0,00	339,42	C	20141231	20141231		
VE	Ventes	988	20141130	411000	Clients			11/2014	20141130	ZAMMARCHI	1504,73	0,00	W	20141130	20141231		
VE	Ventes	988	20141130	411000	Clients			11/2014	20141130	GAUVIN	2200,64	0,00	V	20141130	20141231		
VE	Ventes	988	20141130	411000	Clients			11/2014	20141130	ZAMMARCHI	205,71	0,00	W	20141130	20141231		
VE	Ventes	988	20141130	411000	Clients			11/2014	20141130	CHAUVIN	204,20	0,00	V	20141130	20141231		
VE	Ventes	988	20141130	411000	Clients			11/2014	20141130	COURCIMAULT	278,58	0,00	X	20141130	20141231		
VE	Ventes	988	20141130	411000	Clients			11/2014	20141130	ZAMMARCHI	491,64	0,00	U	20141130	20141231		
VE	Ventes	988	20141130	411000	Clients			11/2014	20141130	GAUVIN	677,12	0,00	X	20141130	20141231		
VE	Ventes	988	20141130	411000	Clients			11/2014	20141130	DACOSTA	136,16	0,00	X	20141130	20141231		
VE	Ventes	988	20141130	706100	Taxi 10%			11/2014	20141130	CA 11/2014	0,00	5179,07			20141231		
VE	Ventes	988	20141130	445711	TVA collectée 10%			11/2014	20141130	CA 11/2014	0,00	519,71	B	20141130	20141231		
VE	Ventes	989	20141231	411000	Clients			12/2014	20141231	ZAMMARCHI	860,37	0,00	S	20141231	20141231		
VE	Ventes	989	20141231	411000	Clients			12/2014	20141231	GAUVIN	338,56	0,00	S	20141231	20141231		
VE	Ventes	989	20141231	411000	Clients			12/2014	20141231	VIVIEN	131,15	0,00	BE	20141231	20141231		
VE	Ventes	989	20141231	411000	Clients			12/2014	20141231	LEMOINE	250,64	0,00	BB	20141231	20141231		
VE	Ventes	989	20141231	411000	Clients			12/2014	20141231	SIRE	127,84	0,00	S	20141231	20141231		
VE	Ventes	989	20141231	411000	Clients			12/2014	20141231	CHAUVIN	204,20	0,00	BF	20141231	20141231		
VE	Ventes	989	20141231	411000	Clients			12/2014	20141231	CHAUVIN	121,00	0,00	BB	20141231	20141231		
VE	Ventes	989	20141231	411000	Clients			12/2014	20141231	BARANT	142,78	0,00	BD	20141231	20141231		
VE	Ventes	989	20141231	411000	Clients			12/2014	20141231	CHAUVIN	102,10	0,00	BD	20141231	20141231		
VE	Ventes	989	20141231	411000	Clients			12/2014	20141231	DACOSTA	136,16	0,00	BD	20141231	20141231		
VE	Ventes	989	20141231	411000	Clients			12/2014	20141231	SIRE	158,89	0,00	T	20141231	20141231		
VE	Ventes	989	20141231	411000	Clients			12/2014	20141231	ZAMMARCHI	129,54	0,00	Y	20141231	20141231		
VE	Ventes	989	20141231	411000	Clients			12/2014	20141231	ZAMMARCHI	614,55	0,00	Y	20141231	20141231		
VE	Ventes	989	20141231	411000	Clients			12/2014	20141231	ZAMMARCHI	32,60	0,00	Y	20141231	20141231		
VE	Ventes	989	20141231	411000	Clients			12/2014	20141231	ZAMMARCHI	96,94	0,00	Y	20141231	20141231		
VE	Ventes	989	20141231	411000	Clients			12/2014	20141231	CRUZ	340,40	0,00			20141231		
VE	Ventes	989	20141231	411000	Clients			12/2014	20141231	BAUCHARD	25,02	0,00	BF	20141231	20141231		
VE	Ventes	989	20141231	411000	Clients			12/2014	20141231	BAUCHARD	25,02	0,00			20141231		
VE	Ventes	989	20141231	411000	Clients			12/2014	20141231	BARANT	142,78	0,00			20141231		
VE	Ventes	989	20141231	706100	Taxi 10%			12/2014	20141231	CA 12/2014	0,00	3598,93			20141231		
VE	Ventes	989	20141231	445711	TVA collectée 10%			12/2014	20141231	CA 12/2014	0,00	359,91	C	20141231	20141231		
VE	Ventes	989	20141231	708000	Taxi refacturations frais			12/2014	20141231	CA 12/2014	0,00	18,08			20141231		
VE	Ventes	989	20141231	445712	TVA collectée 20%			12/2014	20141231	CA 12/2014	0,00	3,62			20141231		
